1747 2620
304 125 378 158 III.
425 128 658 160 DISASTER
694 130 754 162 OF
784 131 912 163 LAKE
947 132 1316 168 THRASYMENUS.
1467 143 1492 184 9

679 317 709 341 2.
761 308 824 342 ‘The
850 308 970 354 Dgfile.

185 376 402 427 Hannibal,
442 380 551 431 quod
590 383 673 434 agri
711 391 771 423 est
816 384 916 424 inter
955 385 1175 426 Cortonam
1214 389 1353 428 urbem
1392 389 1491 429 Tra-

128 456 445 498 sumennumque
469 448 610 497 lacum,
632 451 743 489 omni
771 450 881 491 clade
909 453 999 492 belli
1027 462 1234 504 pervastat,
1257 469 1337 508 quo
1364 459 1491 508 magis

127 511 225 550 iram
254 512 360 553 hosti
388 515 439 554 ad
469 517 724 558 vindicandas
755 521 956 559 sociorum
986 522 1144 562 iniurias
1175 532 1314 573 acuat;
1346 532 1385 564 et
1411 526 1489 565 iam

126 588 386 630 pervenerant
431 583 482 622 ad
527 584 614 623 loca
661 592 754 625 nata
799 587 960 636 insidiis,
999 590 1067 628 ubi
1116 592 1287 631 maxime
1333 601 1489 632 montes

127 646 397 688 Cortonenses
447 650 748 693 Trasumennus
802 656 915 694 subit.
992 656 1071 696 Via
1123 665 1276 697 tantum
1328 661 1488 700 interest
1511 674 1571 707 225

124 723 375 766 perangusta,
405 717 508 757 velut
541 719 591 758 ad
620 719 660 759 id
694 721 825 772 ipsum
855 723 903 762 de
938 724 1130 764 industria
1163 727 1298 766 relicto
1331 729 1459 779 spatio
1475 742 1486 778 ;

125 782 269 821 deinde
294 783 413 834 paulo
439 785 553 824 latior
582 789 748 838 patescit
776 802 964 841 campus;
996 793 1086 831 inde
1113 793 1234 833 colles
1264 795 1485 846 insurgunt.

123 849 186 887 Ibi
232 857 359 889 castra
404 852 445 891 in
491 861 628 904 aperto
674 855 789 903 locat,
830 858 896 896 ubi
944 859 1027 910 ipse
1075 872 1164 898 cum
1211 861 1316 901 Afris
1363 863 1486 902 modo

124 915 396 970 Hispanisque
443 921 689 970 consideret;
741 924 915 964 Baliares
963 932 1214 979 ceteramque
1260 929 1386 969 levem
1426 944 1486 970 ar-

122 992 316 1024 maturam
337 994 429 1037 post
452 996 610 1028 montes
639 991 921 1041 circumducit3
953 994 1104 1044 equites
1133 996 1183 1033 ad
1214 997 1320 1048 ipsas
1352 997 1485 1037 fauces
1508 1013 1570 1045 230

121 1052 254 1099 saltus,
294 1054 454 1093 tumulis
495 1063 586 1106 apte
632 1060 867 1108 tegentibus,
915 1060 1030 1109 locat,
1072 1071 1125 1112 ut,
1161 1065 1227 1102 ubi
1275 1066 1486 1104 intrassent

121 1118 309 1168 Romani,
341 1122 498 1161 obiecto
534 1124 709 1174 equitatu
744 1126 877 1166 clausa
909 1130 1043 1169 omnia
1079 1131 1166 1170 lacu
1201 1144 1246 1170 ac
1282 1133 1484 1172 montibus

119 1194 262 1226 essent.

628 1309 645 1342 3
652 1326 660 1334 .
713 1301 778 1334 ‘The
804 1302 973 1348 Sutprise.

173 1375 389 1417 Flaminius
414 1391 538 1430 quum
565 1381 689 1432 pridie
717 1384 810 1423 solis
838 1397 984 1425 occasu
1005 1387 1055 1426 ad
1075 1387 1204 1427 lacum
1226 1391 1479 1440 pervenisset,

116 1444 365 1496 inexplorato
399 1454 561 1497 postero
602 1449 664 1488 die
696 1451 858 1490 vixdum
898 1455 992 1493 satis
1027 1462 1133 1495 certa
1167 1456 1253 1495 luce
1289 1460 1479 1509 angustiis
1502 1476 1561 1509 235

99 1507 320 1563 ‘superatiS‚
351 1521 564 1566 postquam
593 1517 634 1555 in
663 1520 924 1569 patentiorem
957 1534 1142 1574 campum
1177 1526 1298 1576 pandi
1333 1539 1478 1579 agmen

115 1580 258 1630 coepit,
302 1581 342 1619 id
381 1588 534 1622 tantum
573 1583 757 1633 hostium,
803 1588 912 1639 quod
952 1602 1001 1628 ex
1043 1591 1208 1631 adverso
1251 1601 1343 1642 erat,
1380 1607 1475 1634 con-

115 1647 268 1697 spexit3
321 1649 372 1687 ab
429 1657 542 1702 tergo
594 1664 641 1691 ac
698 1666 814 1704 super
873 1664 991 1706 caput
1049 1658 1241 1710 decepere
1299 1662 1475 1702 insidiae.

113 1714 274 1755 Poenus
311 1717 390 1765 ubi,
425 1718 467 1757 id
499 1720 609 1770 quod
642 1722 818 1772 petierat,
855 1723 1032 1764 clausum
1066 1725 1154 1765 lacu
1193 1741 1239 1768 ac
1275 1732 1476 1771 montibus

113 1790 152 1822 et
185 1784 466 1825 circumfusum
502 1788 581 1827 suis
621 1790 747 1840 copiis
787 1790 923 1830 habuit
954 1792 1121 1839 hostem,
1155 1797 1313 1848 signum
1348 1803 1475 1839 omni·
1498 1815 1560 1848 ²40

112 1851 186 1890 bus
217 1851 284 1891 dat
313 1854 428 1893 simul
457 1855 680 1896 invadendi.
742 1857 823 1907 Qui
853 1860 931 1907 ubi,
964 1873 1042 1912 qua
1071 1864 1213 1916 cuique
1247 1868 1474 1917 proximum

112 1918 193 1966 fuit,
230 1919 548 1970 decucurrerunt,
584 1936 633 1963 eo
672 1927 801 1976 magis
842 1926 1038 1968 Romanis
1079 1932 1206 1971 subita
1246 1941 1362 1986 atque
1402 1937 1474 1975 im-

111 1986 269 2037 provisa
307 2000 369 2027 res
409 1988 490 2037 fuit,
522 1991 631 2041 quod
670 1999 755 2031 orta
789 2006 838 2032 ex
871 1995 960 2034 lacu
993 1997 1137 2037 nebula
1172 2012 1315 2052 campo
1351 2016 1472 2055 quam

111 2055 314 2094 montibus
345 2056 506 2096 densior
535 2059 699 2107 sederat,
731 2063 969 2114 agminaque
999 2065 1172 2105 hostiurn
1212 2081 1260 2108 ex
1295 2071 1471 2121 pluribus

111 2121 276 2161 collibus
310 2123 396 2174 ipsa
428 2125 528 2164 inter
559 2139 602 2165 se
637 2128 729 2167 satis
761 2138 976 2181 conspecta
1010 2145 1138 2184 eoque
1169 2137 1298 2186 magis
1328 2140 1470 2190 pariter
1493 2154 1554 2186 245

111 2189 423 2249 decucurrerant.
483 2192 700 2234 Romanus
713 2196 885 2237 clamore
905 2200 1012 2250 prius
1032 2201 1208 2254 undique
1229 2212 1326 2253 orto,
1349 2219 1468 2257 quam

110 2257 203 2296 satis
247 2266 435 2307 cerneret,
474 2273 517 2299 se
557 2262 867 2303 circumventum
914 2279 1001 2305 esse
1048 2270 1182 2317 sensit,
1222 2277 1260 2310 et
1299 2280 1388 2312 ante
1430 2275 1467 2313 in

109 2324 280 2363 frontem
326 2326 524 2378 lateraque
567 2332 734 2380 pugnari
773 2340 961 2383 coeptum
982 2342 1072 2382 est,
1113 2349 1233 2387 quam
1273 2341 1366 2380 satis
1410 2343 1466 2381 in-

108 2399 320 2432 strueretur
341 2394 444 2433 acies
466 2402 532 2434 aut
553 2398 726 2447 expediri
747 2412 855 2438 arma
877 2402 1091 2453 stringique
1113 2404 1229 2453 gladii
1252 2418 1427 2458 possent.
