1747 2620
326 120 399 152 III.
442 118 678 151 DISASTER
715 119 774 151 OF
804 118 934 151 LAKE
969 120 1338 155 THRASYMENUS.
1466 126 1513 155 11

154 229 280 262 tarum
309 221 466 260 urbium
496 221 632 260 Italiae
672 233 838 272 magnas
878 229 1009 273 partes
1049 225 1258 274 prostravit
1305 225 1519 276 avertitque

154 302 270 329 cursu
319 289 479 340 rapidos
528 301 679 336 amnes,
725 301 835 328 mare
883 289 1113 330 fluminibus
1162 292 1319 340 invexit,
1364 300 1519 332 montes
1542 302 1603 335 280

153 357 267 408 lapsu
295 356 446 407 ingenti
474 357 637 408 proruit,
668 368 788 395 nemo
819 358 1083 408 pugnantium
1115 360 1289 400 senserit.

298 483 334 518 6.
384 482 449 517 {she
475 481 600 516 Consul
622 482 799 528 sacrg‘fi‘ced
823 489 855 517 to
882 483 937 517 the
958 484 1078 529 ghosts
1105 484 1150 528 qs
1167 485 1223 519 the
1252 485 1375 521 Gauls.

208 563 311 604 Tres
356 565 479 604 ferme
523 564 640 603 horas
684 573 906 616 pugnatum
947 572 1006 605 est
1046 574 1084 606 et
1123 568 1270 619 ubique
1312 569 1519 616 atrociter;

152 634 255 674 circa
281 633 486 673 consulem
513 640 647 672 tamen
675 634 801 672 acrior
830 633 1087 686 infestiorque
1119 649 1256 687 pugna
1288 643 1357 675 est.
1416 636 1520 675 Eum

151 709 191 741 et
232 701 377 741 robora
419 702 590 740 virorum
643 702 918 752 sequebantur,
965 709 1003 741 et
1051 704 1147 753 ipse,
1193 716 1430 755 quacunque
1480 706 1521 743 in

150 777 261 821 parte
302 769 429 820 premi
473 781 519 807 ac
561 768 740 808 laborare
784 776 960 808 senserat
1005 781 1111 818 suos,
1155 771 1322 822 impigre
1372 772 1520 811 ferebat
1542 775 1603 816 285
1655 794 1657 797 ⁴

149 849 282 889 opem,
320 835 600 888 insignemque
640 837 758 876 armis
799 844 838 876 et
880 837 1013 876 hostes
1055 850 1211 878 summa
1250 840 1286 877 vi
1330 841 1520 891 petebant

150 912 189 944 et
222 905 433 944 tuebantur
467 904 583 952 cives,
615 904 746 944 donec
782 904 950 944 Insuber
986 918 1108 957 eques
1144 906 1335 955 (Ducario
1370 920 1520 947 nomen

148 974 246 1022 erat)
287 972 386 1011 facie
426 984 586 1023 quoque
626 973 828 1012 noscitans
868 973 1086 1021 consulem,
1125 974 1226 1013 ‘En’
1265 976 1391 1026 inquit
1434 976 1519 1015 ‘hic

148 1040 224 1080 est'
257 1039 514 1091 popularibus
546 1040 637 1086 suis,
676 1041 765 1091 ‘qui
800 1040 978 1091 legiones
1014 1049 1170 1081 nostras
1205 1043 1345 1081 cecidit
1382 1055 1517 1094 agros-

147 1121 224 1160 que
264 1115 302 1146 et
338 1108 479 1146 urbem
514 1114 574 1146 est
609 1107 897 1158 depopulatus;
943 1109 1023 1147 iam
1059 1122 1136 1160 ego
1176 1110 1279 1149 hanc
1317 1111 1515 1149 victimam
1539 1129 1602 1163 290

146 1176 331 1215 manibus
370 1182 668 1227 peremptorum
708 1175 825 1214 foede
870 1177 1012 1215 civium
1057 1177 1187 1216 dabo]
1263 1177 1516 1230 Subditisque

147 1243 363 1284 calcaribus
404 1255 508 1295 equo
548 1255 618 1294 per
660 1243 989 1282 confertissimam
1030 1244 1203 1283 hostium
1243 1246 1399 1285 turbam
1440 1247 1513 1285 im-

144 1319 280 1364 petum
310 1311 413 1359 facit,
444 1312 762 1363 obtruncatoque
796 1313 903 1363 prius
936 1314 1144 1363 armigero,
1180 1314 1247 1365 qui
1288 1327 1330 1353 se
1369 1314 1512 1354 infesto

143 1379 316 1419 venienti
340 1379 499 1418 obviam
528 1379 736 1426 obiecerat,
768 1380 974 1419 consulem
999 1380 1136 1419 lancea
1166 1382 1359 1420 transfixit
1370 1395 1380 1430 ;
1418 1395 1511 1435 spo-

106 1496 115 1507 ‹
143 1448 236 1487 liare
266 1447 491 1498 cupientem
521 1446 640 1485 triarii
667 1448 832 1486 obiectis
863 1448 983 1486 scutis
1014 1460 1186 1487 arcuere.
1534 1474 1596 1507 295

491 1577 524 1611 7.
576 1569 642 1602 ‘The
660 1567 778 1614 Flight
804 1569 953 1614 through
979 1569 1033 1603 the
1059 1569 1159 1603 Mist.

197 1650 374 1702 Magnae
411 1651 532 1702 partis
572 1650 668 1701 fuga
706 1650 798 1689 inde
833 1652 1004 1702 primum
1040 1653 1193 1702 coepit;
1241 1659 1279 1692 et
1318 1653 1397 1692 iam
1434 1666 1510 1694 nec

139 1721 248 1760 lacus
278 1731 352 1758 nec
381 1725 538 1757 montes
568 1718 704 1770 pavori
735 1719 948 1757 obstabant
964 1732 974 1766 ;
1006 1731 1077 1770 per
1111 1720 1248 1758 omnia
1281 1727 1364 1759 arta
1396 1733 1509 1772 prae-

139 1794 330 1837 ruptaque
359 1785 463 1824 velut
493 1786 601 1825 caeci
633 1785 815 1833 evadunt,
849 1798 1037 1838 armaque
1068 1794 1105 1826 et
1135 1787 1204 1825 viri
1235 1800 1352 1838 super
1389 1788 1508 1827 alium

140 1855 202 1894 alii
241 1853 558 1905 praecipitantur.
630 1853 725 1892 Pars
765 1865 923 1903 magna,
964 1854 1031 1892 ubi
1071 1854 1184 1893 locus
1225 1854 1343 1905 fugae
1385 1856 1507 1903 deest,

139 1935 209 1974 per
237 1921 364 1973 prima
392 1919 493 1958 vada
523 1920 678 1970 paludis
708 1920 748 1958 in
779 1933 924 1972 aquarn
959 1922 1171 1972 progressi,
1204 1922 1339 1973 quoad
1371 1924 1507 1975 capiti-
1528 1938 1594 1972 300

137 1990 213 2029 bus
249 1988 492 2038 humerisque
531 1995 684 2026 exstare
723 1995 905 2038 possunt,
943 2000 1030 2027 sese
1071 1989 1337 2039 immergunt3
1386 1991 1505 2037 fuere,

138 2068 239 2108 quos
287 2055 534 2095 inconsultus
582 2067 706 2106 pavor
754 2055 888 2094 nando
939 2056 1059 2094 etiam
1110 2068 1317 2107 capessere
1370 2057 1506 2109 fugam

138 2123 334 2175 impulerit
344 2136 355 2171 ;
400 2135 501 2174 quae
534 2123 602 2161 ubi
640 2122 838 2161 immensa
877 2135 922 2162 ac
964 2124 1047 2162 sine
1089 2136 1160 2174 spe
1201 2132 1293 2172 erat,
1331 2133 1397 2164 aut
1438 2126 1504 2164 de-

139 2190 360 2229 ficientibus
393 2190 535 2229 animis
569 2189 848 2229 hauriebantur
882 2191 1101 2241 gurgitibus
1137 2199 1203 2230 aut
1235 2193 1502 2244 nequicquam

139 2258 230 2297 fessi
259 2257 360 2296 vada
386 2263 490 2295 retro
525 2257 740 2307 aegerrime
770 2258 1012 2308 repetebant,
1035 2265 1152 2309 atque
1182 2259 1235 2296 ibi
1267 2261 1317 2297 ab
1348 2260 1500 2310 ingres·
1525 2275 1587 2308 305

138 2327 191 2365 sis
229 2336 374 2376 aquarn
413 2323 588 2362 hostium
626 2325 824 2374 equitibus
864 2324 1014 2375 passim
1052 2325 1357 2365 trucidabantur.
1421 2326 1499 2365 Sex

137 2392 257 2430 millia
285 2391 408 2429 ferme
442 2391 558 2441 primi
588 2391 767 2440 agminis,
804 2403 874 2441 per
909 2381 1096 2430 adversos
1126 2391 1261 2431 hostes
1293 2394 1498 2444 eruptione
