1747 2620
491 132 544 162 II.
588 127 775 160 BATTLE
808 126 866 157 or·
900 123 992 156 THE
1028 121 1216 154 TREBIA.
1506 119 1528 162 7

182 244 219 275 et
258 235 441 281 Baliares,
481 231 596 284 pulso
637 230 776 282 equite,
816 227 1084 268 iaculabantur
1124 225 1163 263 in
1202 224 1332 270 latera,
1374 229 1412 261 et
1455 221 1531 260 ele·

182 302 320 354 phanti
359 302 437 340 iam
476 300 516 339 in
558 299 730 337 mediam
776 296 951 347 peditum
991 294 1115 332 aciem
1154 304 1241 331 sese
1279 290 1455 337 tulerant,
1495 296 1532 327 et
1555 291 1615 334 165

182 369 306 420 Mago
337 367 628 418 Numidaeque,
660 364 775 404 simul
803 363 972 401 latebras
1003 372 1140 399 eorum
1173 357 1391 409 improvida
1420 369 1532 408 prae-

183 436 318 475 terlata
356 436 459 474 acies
498 440 568 481 est,
601 432 724 471 exorti
763 430 812 469 ab
850 436 960 479 tergo
1001 429 1202 478 ingentem
1240 424 1449 463 tumultum
1488 436 1534 462 ac

182 511 370 542 terrorem
419 501 557 540 fecere.
635 499 791 538 Tamen
839 496 879 534 in
927 502 984 534 tot
1034 492 1375 533 circumstantibus
1423 491 1534 529 malis

183 570 328 609 mansit
372 567 611 619 aliquamdiu
653 566 819 604 immota
864 562 978 609 acies,
1018 560 1187 598 maxime
1226 566 1379 609 praeter
1423 569 1534 607 spem

184 637 364 675 omnium
403 635 589 674 adversus
628 632 869 682 elephantos.
926 628 1009 667 Eos
1048 627 1180 665 velites
1226 625 1276 664 ad
1321 625 1360 663 id
1406 625 1535 675 ipsum
1558 633 1620 667 170

183 704 300 744 locati
329 703 471 741 verutis
503 701 688 740 coniectis
719 705 757 737 et
793 704 963 736 avertere
998 702 1036 734 et
1070 694 1234 732 insecuti
1271 704 1428 731 aversos
1463 692 1535 729 sub

184 771 331 818 caudis,
369 782 447 821 qua
485 767 656 806 maxime
695 765 803 804 molli
842 771 929 802 cute
969 761 1125 800 vulnera
1165 760 1372 810 accipiunt,
1413 758 1536 796 fodie-

184 839 289 877 bant.

711 909 747 943 7.
794 900 859 934 ‘The
889 900 915 932 F
913 898 1011 944 light.

243 986 586 1038 Trepidantesque
626 990 664 1023 et
703 995 827 1035 prope
868 982 944 1020 iam
988 981 1028 1018 in
1071 991 1163 1017 suos
1208 981 1477 1016 consternatos
1517 988 1538 1014 e

187 1055 318 1093 media
363 1053 445 1092 acie
490 1053 531 1090 in
577 1058 792 1090 extremam
838 1048 887 1087 ad
937 1047 1136 1086 sinistrum
1183 1056 1306 1083 cornu
1355 1043 1538 1081 adversus
1562 1056 1621 1091 175

188 1121 327 1160 Gallos
361 1119 566 1158 auxiliares
600 1118 664 1168 agi
699 1116 809 1155 iussit
842 1113 1055 1154 Hannibal.
1115 1111 1175 1150 Ibi
1206 1110 1404 1161 extemplo
1434 1109 1541 1157 haud

188 1188 350 1227 dubiam
388 1187 516 1225 fecere
556 1185 690 1236 fugam
729 1194 932 1233 novusque
972 1179 1127 1218 additus
1169 1185 1290 1216 terror
1336 1176 1539 1225 Romanis,

189 1262 231 1293 ut
268 1254 356 1294 fusa
386 1253 529 1293 auxilia
559 1263 629 1291 sua
657 1250 847 1289 viderunt.
905 1247 1043 1298 Itaque
1075 1259 1196 1297 quum
1226 1246 1304 1283 iam
1334 1245 1374 1283 in
1404 1245 1541 1283 orbem

188 1327 422 1373 pugnarent,
459 1319 597 1358 decem
631 1317 751 1355 millia
785 1316 906 1355 ferme
939 1314 1158 1359 hominum,
1191 1324 1312 1363 quum
1347 1311 1421 1349 alia
1454 1323 1541 1349 eva-

189 1389 281 1428 dere
312 1388 550 1438 nequissent,
582 1384 713 1423 media
743 1384 931 1422 Afrorum
962 1381 1057 1427 acie,
1093 1391 1171 1429 qua
1201 1378 1361 1417 Gallicis
1390 1378 1541 1416 auxiliis
1566 1376 1626 1408 180

190 1456 341 1494 firmata
388 1460 480 1501 erat,
525 1464 616 1491 cum
661 1450 811 1501 ingenti
854 1448 975 1487 caede
1020 1446 1191 1485 hostiurn
1236 1458 1457 1496 perrupere,
1493 1452 1541 1491 et,

190 1534 312 1573 quum
358 1533 488 1571 neque
533 1520 574 1558 in
617 1525 743 1557 castra
782 1516 929 1555 reditus
968 1520 1070 1552 esset
1108 1512 1269 1551 flumine
1312 1511 1542 1558 interclusis,

191 1601 320 1640 neque
355 1600 448 1639 prae
481 1586 596 1624 imbri
627 1585 722 1624 satis
752 1583 961 1622 decernere
991 1587 1166 1632 possent,
1197 1592 1274 1630 qua
1305 1579 1384 1617 suis
1423 1591 1543 1629 opem

171 1654 346 1702 -ferrent,
377 1652 618 1692 Placentiam
649 1656 756 1690 recto
785 1650 920 1688 itinere
950 1659 1167 1698 perrexere.
1226 1646 1361 1684 Plures
1401 1645 1542 1684 deinde

189 1722 230 1760 in
264 1732 405 1760 omnes
435 1726 566 1771 partes
599 1718 825 1768 eruptiones
856 1715 1002 1763 factae;
1043 1721 1080 1753 et
1110 1714 1176 1765 qui
1206 1714 1354 1752 flumen
1385 1713 1542 1763 petiere,
1565 1723 1626 1762 185

190 1795 256 1827 aut
289 1787 509 1838 gurgitibus
548 1784 746 1834 absumpti
785 1790 875 1822 sunt
913 1789 978 1821 aut
1018 1782 1117 1820 inter
1157 1781 1447 1819 cunctationem
1486 1781 1543 1818 in-

190 1854 394 1906 grediendi
441 1853 491 1891 ab
537 1851 715 1890 hostibus
762 1851 963 1901 oppressi,
1014 1850 1080 1900 qui
1120 1848 1267 1899 passim
1313 1860 1382 1898 per
1427 1859 1544 1897 agros

190 1923 284 1973 fuga
331 1921 457 1972 sparsi
505 1925 627 1965 erant,
676 1918 838 1969 vestigia
886 1917 1058 1955 cedentis
1113 1921 1322 1966 sequentes
1377 1915 1544 1964 agminis

190 1989 432 2028 Placentiam
467 1986 734 2034 contendere3
776 1985 857 2023 aliis
892 1984 1007 2022 timor
1041 1983 1214 2022 hostium
1248 1982 1453 2020 audaciam
1483 1981 1542 2019 in-

189 2054 393 2105 grediendi
420 2053 568 2092 flumen
593 2052 693 2100 fecit,
716 2052 1026 2101 transgressique
1056 2050 1096 2088 in
1121 2056 1246 2089 castra
1273 2054 1543 2100 pervenerunt.
1565 2057 1629 2093 190

191 2122 325 2160 Imber
359 2120 447 2158 nive
482 2119 627 2158 mixtus
663 2125 702 2157 et
736 2117 981 2156 intoleranda
1015 2117 1071 2155 vis
1107 2116 1258 2167 frigoris
1292 2122 1329 2154 et
1363 2115 1545 2153 homines

190 2188 334 2227 multos
364 2194 402 2226 et
431 2186 608 2225 iumenta
643 2192 680 2224 et
715 2185 946 2235 elephantos
978 2196 1101 2234 prope
1137 2195 1276 2221 omnes
1317 2182 1543 2231 absumpsit.

190 2255 297 2294 Finis
331 2254 565 2304 insequendi
603 2253 727 2291 hostis
762 2252 907 2290 Poenis
941 2251 1088 2289 flumen
1125 2251 1271 2289 Trebia
1306 2249 1386 2296 fuit,
1422 2256 1460 2287 et
1493 2249 1545 2287 ita

190 2327 390 2373 torpentes
430 2319 520 2370 gelu
549 2319 589 2357 in
621 2325 747 2358 castra
776 2318 936 2365 rediere,
972 2324 1013 2355 ut
1048 2317 1108 2355 vix
1144 2316 1329 2354 laetitiam
1363 2316 1544 2354 victoriae

190 2388 385 2428 sentirent.
958 2371 964 2373 ’
1577 2391 1634 2424 195
