1747 2620
287 114 338 146 12
526 97 818 141 HANNIBAL’S
850 106 1111 140 cAMPAIGN
1138 106 1197 140 IN
1224 106 1382 141 ITALY.

281 213 446 263 impigre
480 211 592 259 facta,
624 211 747 262 ignari
781 210 970 256 omnium,
1002 222 1103 261 quae
1136 216 1228 261 post
1262 221 1304 249 se
1334 217 1552 262 agerentur,
1582 223 1630 250 ex

282 280 379 318 saltu
419 291 586 325 evasere,
628 284 666 316 et
706 290 827 329 quum
866 277 906 314 in
949 276 1099 316 tumulo
1139 277 1314 328 quodam
1354 279 1630 325 constitissent,

199 362 262 394 310
281 346 494 385 clamorem
525 344 647 384 modo
681 356 728 383 ac
760 356 903 382 sonum
937 355 1137 382 armorum
1170 344 1384 392 audientes,
1419 357 1520 396 quae
1554 344 1631 383 for-

281 422 375 453 tuna
395 425 554 464 pugnae
582 419 695 459 esset,
718 423 846 462 neque
874 412 971 450 scire
999 424 1073 451 nec
1100 413 1321 463 perspicere
1348 424 1441 463 prae
1466 412 1632 464 caligine

280 487 471 531 poterant.
547 480 738 518 Inclinata
777 479 945 530 denique
984 491 1036 526 re,
1077 491 1199 530 quum
1244 480 1505 518 incalescente
1550 480 1632 519 sole

282 547 456 598 dispulsa
495 547 637 585 nebula
680 546 896 598 aperuisset
943 545 1059 592 diem,
1099 552 1183 584 tum
1230 546 1377 596 liquida
1422 546 1501 584 iam
1546 546 1633 585 luce

281 621 437 652 montes
468 614 675 664 campique
706 613 877 663 perditas
907 625 968 651 res
999 619 1237 664 stratamque
1271 613 1483 652 ostendere
1517 613 1633 652 foede

201 684 261 717 315
283 677 509 717 Romanam
549 679 687 717 aciem.
765 677 904 728 Itaque
940 689 990 715 ne
1029 677 1069 715 in
1111 684 1346 728 conspectos
1384 677 1522 728 procul
1560 677 1633 715 im-

282 746 496 784 mitteretur
534 758 666 796 eques,
702 743 861 783 sublatis
900 745 1041 795 raptim
1080 745 1213 794 signis,
1246 757 1364 795 quarn
1404 744 1634 784 citatissimo

281 819 463 863 poterant
508 813 676 863 agmine,
718 823 804 850 sese
851 811 1115 861 abripuerunt.
1186 811 1350 850 Postero
1398 812 1472 859 die,
1512 824 1634 863 quum

283 892 400 930 super
438 886 568 918 cetera
608 885 784 918 extrema
822 877 947 916 fames
986 878 1103 916 etiarn
1143 878 1315 926 instaret,
1356 878 1478 917 fidem
1517 879 1634 917 dante

283 946 524 994 Maharbale,
571 947 638 998 qui
686 957 776 985 cum
821 945 1007 983 omnibus
1056 946 1299 996 equestribus
1348 946 1473 996 copiis
1517 953 1633 984 nocte

201 1020 264 1053 320
284 1020 517 1052 consecutus
557 1020 649 1059 erat,
686 1013 718 1050 si
757 1023 866 1049 arma
899 1011 1161 1058 tradidissent,
1195 1012 1300 1050 abire
1340 1023 1431 1050 cum
1471 1011 1634 1062 singulis

283 1081 524 1119 vestimentis
563 1091 783 1131 passurum,
819 1090 905 1117 sese
946 1079 1203 1126 dediderunt3
1249 1091 1350 1130 quae
1388 1079 1537 1117 Punica
1575 1091 1634 1117 re-

283 1146 429 1197 ligione
469 1154 618 1185 servata
657 1146 754 1185 fides
792 1145 843 1183 ab
883 1144 1106 1184 Hannibale
1145 1151 1215 1192 est,
1252 1152 1370 1196 atque
1408 1145 1449 1184 in
1483 1145 1636 1184 vincula

284 1227 425 1253 omnes
447 1214 626 1253 coniecit.

462 1343 539 1386 IV.
589 1343 725 1385 THE
760 1342 1020 1385 BATTLE
1054 1342 1137 1386 OF
1171 1341 1461 1386 CANNAE.

855 1445 948 1479 B.C.
983 1435 1081 1480 216.

532 1551 559 1575 1.
604 1540 722 1577 Which
747 1549 779 1576 to
804 1541 950 1586 imttate,
970 1541 1160 1577 Flaminius
1186 1554 1225 1577 or
1251 1541 1403 1577 Fabius?

342 1632 550 1681 Consules,
584 1634 675 1673 satis
709 1633 920 1685 exploratis
953 1634 1167 1683 itineribus,
1204 1641 1414 1687 sequentes
1448 1634 1638 1682 Poenum,

205 1710 266 1743 3²5
285 1708 328 1739 ut
361 1707 520 1739 ventum
554 1700 604 1739 ad
639 1700 798 1740 Cannas
832 1709 889 1740 est
921 1708 960 1740 et
993 1702 1034 1740 in
1066 1710 1282 1754 conspectu
1312 1702 1490 1742 Poenum
1518 1703 1639 1741 habe-

286 1768 391 1814 bant,
412 1768 506 1807 bina
536 1774 662 1807 castra
692 1769 976 1816 communiunt,
999 1769 1143 1809 eodem
1174 1770 1294 1809 ferme
1321 1770 1535 1817 intervallo,
1560 1783 1640 1821 quo

286 1834 337 1873 ad
369 1833 623 1883 Gereonium,
660 1835 758 1874 sicut·
793 1843 894 1883 ante,
933 1837 1056 1886 copiis
1095 1836 1236 1875 divisis.
1296 1836 1465 1876 Aufidus
1503 1837 1640 1883 amnis,

286 1901 460 1952 utrisque
491 1902 626 1940 castris
659 1902 834 1950 affluens,
865 1902 1013 1941 aditum
1047 1904 1300 1954 aquatoribus
1331 1916 1380 1942 ex
1413 1915 1483 1942 sua
1514 1903 1640 1942 cuius-

289 1981 365 2020 que
386 1969 679 2020 opportunitate
700 1969 805 2008 haud
826 1971 909 2009 sine
937 1971 1149 2010 certamine
1177 1972 1316 2020 dabat;
1346 1983 1395 2009 ex
1424 1971 1643 2010 minoribus

178 2032 271 2074 '330
289 2042 421 2074 tamen
462 2036 608 2084 castris,
644 2049 746 2088 quae
786 2037 914 2087 posita
953 2043 1060 2076 trans
1099 2037 1288 2076 Aufidum
1327 2044 1448 2086 erant,
1487 2037 1643 2077 liberius

289 2102 534 2152 aquabantur
580 2102 764 2150 Romani,
812 2104 904 2155 quia
951 2104 1035 2155 ripa
1079 2104 1238 2142 ulterior
1283 2104 1433 2143 nullum
1472 2103 1643 2143 habebat

289 2167 461 2207 hostiurn
496 2170 746 2220 praesidium.
807 2170 1009 2209 Hannibal
1049 2183 1161 2221 spem
1196 2178 1373 2219 nanctus,
1406 2170 1504 2210 locis
1542 2172 1643 2210 natis

290 2236 340 2274 ad
386 2244 606 2286 equestrem
653 2250 840 2287 pugnam,
882 2250 960 2288 qua
1005 2245 1112 2288 parte
1158 2238 1295 2276 virium
1341 2238 1505 2277 invictus
1550 2234 1642 2286 erat,

291 2303 462 2341 facturos
499 2304 655 2354 copiam
687 2306 891 2355 pugnandi
928 2305 1122 2351 consules,
1153 2304 1282 2356 dirigit
1314 2305 1440 2344 aciem
1469 2306 1643 2344 lacessit-

211 2377 271 2408 335
292 2381 367 2419 que
409 2369 671 2408 Numidarum
711 2372 1005 2420 procursatione
1046 2372 1188 2410 hostes.
1252 2365 1348 2409 Iride
1389 2384 1519 2411 rursus
1567 2373 1643 2410 sol-
