1747 2620
255 65 306 103 14
492 48 788 91 HANNIBAL'S
822 58 1084 90 CAMPAIGN
1111 59 1169 89 IN
1198 57 1359 90 JTALY.

248 161 288 199 in
319 161 457 200 dextro
488 174 611 200 cornu
639 162 695 210 (id
725 168 804 200 erat
835 161 985 199 ssumini
1015 161 1194 212 propius)
1219 161 1425 200 Romanos
1452 158 1605 210 equites

249 229 392 275 locant,
426 229 567 268 deinde
602 230 778 280 pedites;
821 229 974 268 laevum
1010 241 1133 267 cornu
1169 228 1331 267 extremi
1360 227 1511 279 equites
1541 239 1602 264 so-

250 297 411 343 ciorum,
433 296 533 335 intra
552 296 714 347 pedites,
737 296 786 334 ad
808 296 981 335 medium
1010 296 1129 334 iuncti
1151 296 1371 347 legionibus
1400 289 1604 340 Romanis,

251 370 482 412 tenuerunt;
514 363 746 402 iaculatores
773 376 864 402 culn
893 363 1032 403 ceteris
1059 363 1202 401 levium
1229 375 1427 402 armorum
1454 361 1606 400 auxiliis

168 450 232 484 370
251 431 377 482 prima
412 431 516 469 acies
555 429 668 469 sacta.
729 429 926 469 Consules
962 443 1111 470 cornua
1146 437 1365 477 tenuerunt,
1398 428 1607 468 Terentius

249 499 417 546 laevum,
447 498 637 536 Aemilius
668 497 849 536 dextrum
866 511 875 545 ;
919 497 1093 537 Gemino
1125 497 1285 537 Servilio
1315 498 1446 536 media
1475 509 1609 548 pugna

251 566 398 604 tuenda
431 565 534 604 data.
593 564 795 603 Hannibal
825 566 909 603 luce
940 565 1077 615 prima,
1109 564 1325 604 Baliaribus
1354 565 1505 617 levique
1535 564 1609 603 alia

251 638 448 671 armatura
478 632 704 683 praemissa,
739 639 1006 682 transgressus
1041 633 1200 680 flumen,
1231 639 1274 671 ut
1312 644 1491 684 quosque
1535 638 1609 670 tra-

254 700 430 746 duxerat,
463 699 515 738 ita
554 699 595 737 in
634 699 715 738 acie
754 699 921 747 locabat,
957 699 1095 740 Gallos
1135 699 1420 752 Hispanosque
1459 699 1610 750 equites

172 777 234 813 375
255 779 380 818 prope
418 766 544 816 ripam
580 765 692 804 laevo
728 766 767 804 in
802 779 926 806 cornu
966 768 1152 806 adversus
1194 767 1424 807 Romanum
1464 767 1611 818 equita-

255 842 361 880 tum3
393 833 575 872 dextrum
605 845 729 872 cornu
764 833 947 873 Numidis
977 835 1172 887 equitibus
1202 835 1349 882 datum,
1370 834 1500 874 media
1530 834 1612 873 acie

254 901 450 952 peditibus
485 900 648 947 firmata,
684 900 736 939 ita
774 907 815 939 ut
854 901 1040 940 Afrorum
1079 908 1242 954 utraque
1281 915 1431 942 cornua
1469 910 1612 949 essent,

254 969 596 1019 interponerentur
639 967 698 1006 his
747 968 864 1007 medii
916 968 1019 1008 Galli
1069 977 1185 1020 atque
1235 969 1417 1021 Hispani.
1493 969 1613 1008 Afros

256 1035 482 1074 Romanam
527 1047 674 1086 magna
717 1048 765 1073 ex
809 1044 917 1086 parte
962 1037 1142 1076 crederes
1186 1037 1311 1076 aciem
1323 1049 1334 1086 ;
1378 1037 1433 1076 ita
1478 1036 1614 1076 armati

172 1114 237 1156 380
256 1110 366 1142 erant
402 1102 520 1140 armis
556 1108 594 1140 et
628 1102 680 1141 ad
715 1102 915 1150 Trebiam,
950 1112 1121 1143 ceterum
1156 1118 1303 1156 magna
1337 1118 1387 1144 ex
1420 1111 1530 1155 parte
1564 1103 1615 1142 ad

257 1170 580 1210 Trasumennum
616 1170 752 1221 captis.
813 1169 936 1209 Gallis
978 1170 1250 1223 Hispanisque
1290 1178 1401 1211 scuta
1439 1171 1615 1210 eiusdem

256 1237 407 1276 formae
452 1236 532 1275 sere
579 1244 699 1284 erant,
745 1237 920 1288 dispares
969 1251 1015 1277 ac
1062 1239 1268 1278 dissimiles
1317 1239 1447 1290 gladii,
1493 1238 1616 1278 Gallis

258 1303 463 1355 praelongi
510 1316 556 1343 ae
602 1305 686 1343 sine
728 1305 995 1352 mucronibus,
1038 1305 1234 1357 Hispano,
1274 1307 1452 1357 punctim
1490 1305 1617 1357 magis

260 1383 380 1422 quam
414 1371 561 1410 caesim
596 1378 753 1411 assueto
793 1379 926 1423 petere
966 1372 1133 1420 hostem,
1169 1373 1355 1412 brevitate
1393 1372 1542 1412 habiles
1579 1380 1618 1411 et

176 1447 239 1489 385
261 1452 352 1478 cum
372 1439 640 1478 mucronibus.
700 1440 805 1478 Ante
833 1440 928 1479 alios
956 1440 1110 1479 habitus
1135 1441 1312 1491 gentium
1339 1441 1477 1480 harum
1497 1453 1619 1492 quum

260 1507 533 1559 magnitudine
573 1519 796 1558 corporum,
837 1514 921 1546 tum
965 1508 1097 1559 specie
1142 1508 1318 1547 terribilis
1366 1515 1471 1547 erat:
1517 1508 1620 1547 Galli

262 1588 379 1627 super
425 1575 653 1614 umbilicum
703 1582 813 1614 erant
857 1575 973 1622 nudi;
1025 1575 1196 1626 Hispani
1241 1575 1368 1615 linteis
1411 1576 1620 1627 praetextis

263 1656 436 1695 purpura
484 1643 638 1690 tunicis,
688 1642 860 1682 candore
909 1642 1008 1681 miro
1057 1642 1306 1693 fulgentibus,
1356 1644 1620 1683 constiterant.

265 1711 464 1749 Numerus
509 1710 688 1748 omnium
733 1709 921 1761 peditum,
962 1710 1029 1760 qui
1073 1716 1155 1748 tum
1208 1717 1396 1749 steterunt
1441 1711 1482 1749 in
1527 1711 1622 1757 acie,

182 1796 246 1831 390
265 1778 429 1816 millium
476 1777 548 1816 fuit
588 1777 858 1830 quadraginta,
899 1776 1038 1815 decem
1077 1777 1264 1828 equitum.
1323 1777 1457 1817 Duces
1496 1779 1624 1817 corni-

264 1846 338 1884 bus
373 1851 593 1896 praeerant,
630 1844 787 1883 sinistro
823 1843 1062 1891 Hasdrubal,
1095 1844 1233 1883 dextro
1269 1842 1499 1894 Maharba13
1543 1858 1628 1884 me-

266 1912 372 1951 diam
420 1913 546 1951 aciem
591 1910 795 1950 Hannibal
838 1911 923 1962 ipse
970 1924 1060 1949 cum
1106 1911 1221 1950 fratre
1267 1910 1443 1962 Magone
1491 1913 1629 1951 tenuit.

269 1979 337 2018 Sol
367 1991 437 2018 seu
470 1979 518 2018 de
551 1978 741 2017 industria
769 1978 822 2017 ita
851 1978 999 2025 locatis,
1031 1991 1098 2016 seu
1129 1977 1237 2030 quod
1266 1978 1364 2017 forte
1393 1979 1446 2017 ita
1476 1985 1629 2027 stetere,

270 2053 564 2098 peropportune
615 2046 768 2096 utrique
818 2046 917 2096 parti
965 2046 1148 2096 obliquus
1197 2053 1289 2094 erat,
1340 2046 1533 2086 Romanis
1588 2048 1631 2086 in

187 2123 248 2158 395
270 2114 484 2161 meridiem,
508 2113 654 2152 Poenis
691 2114 732 2151 in
765 2113 1073 2163 septentrionem
1103 2113 1248 2160 versis;
1284 2120 1422 2152 ventus
1455 2114 1632 2164 (Vultur-

272 2193 368 2219 num
411 2181 583 2230 regionis
631 2178 785 2218 incolae
824 2178 982 2230 vocant)
1024 2179 1207 2218 adversus
1249 2179 1443 2220 Romanis
1472 2189 1631 2222 coortus

273 2248 396 2287 multo
427 2247 585 2299 pulvere
615 2246 655 2284 in
684 2247 770 2297 ipsa
799 2258 869 2285 ora
898 2246 1092 2285 volvendo
1121 2254 1375 2298 prospectum
1405 2248 1565 2290 ademit.
