1747 2620
447 118 512 151 IV.
561 120 655 152 THE
685 123 870 156 BATTLE
907 128 966 159 OF
998 130 1207 165 CANNAE.
1456 140 1504 181 17

148 213 263 264 quale
303 216 382 256 iam
420 218 527 259 haud
561 221 680 261 dubia
717 224 891 265 hostium
932 229 1100 278 victoria,
1136 233 1217 281 fuit,
1258 247 1380 286 quum
1419 238 1507 277 victi

148 282 249 319 mori
279 282 319 321 in
348 286 513 336 vestigio
543 289 704 328 mallent
734 303 854 341 quam
884 294 1029 345 fugere,
1061 299 1226 339 victores
1261 304 1503 343 morantibus

146 347 347 388 victoriam
396 352 479 392 irati
528 357 777 401 trucidarent,
829 373 928 412 quos
984 364 1126 414 pellere
1174 380 1257 406 non
1310 378 1501 420 poterant.

145 412 384 465 Pepulerunt
424 427 556 460 tamen
601 423 680 462 iarn
723 438 872 476 paucos
919 440 1149 481 superantes
1195 442 1233 474 et
1278 436 1411 476 labore
1457 452 1502 477 ac
1521 447 1587 489 460

143 481 364 525 vulneribus
403 487 539 528 fessos.
618 491 717 530 Inde
763 494 935 545 dissipati
975 510 1114 539 omnes
1155 510 1255 547 sunt,
1297 516 1500 557 equosque

143 549 193 587 ad
214 549 360 601 fugam,
383 555 450 605 qui
476 564 670 606 poterant,
693 562 932 610 repetebant.
994 565 1068 604 Cn.
1102 568 1291 609 Lentulus
1322 573 1499 612 tribunus

141 616 307 656 militurn
335 632 457 671 quum
484 625 784 673 praetervehens
813 641 915 680 equo
945 633 1146 673 sedentem
1177 637 1216 674 in
1246 651 1341 677 saxo
1363 652 1499 679 cruore

141 684 347 734 oppletum
367 690 569 729 consulem
589 692 759 741 vidisset,
783 698 791 714 ‘
805 695 850 734 L.
872 699 1036 738 Aemili'
1058 703 1192 754 inquit,
1213 708 1221 724 ‘
1236 718 1354 756 quem
1374 719 1496 745 unum

141 749 338 791 insontem
359 755 496 806 culpae
514 757 635 797 cladis
656 759 869 802 hodiernae
897 765 960 804 dei
989 770 1182 818 respicere
1214 772 1368 820 debent,
1401 787 1496 826 cape
1517 776 1580 818 465

139 815 246 856 hunc
261 831 418 870 equum,
435 824 529 862 dum
550 831 588 863 et
608 827 676 864 tibi
697 829 834 867 virium
856 832 1001 883 aliquid
1019 846 1194 887 superest
1212 847 1248 878 et
1270 852 1403 879 comes
1421 855 1495 892 ego

140 891 176 922 te
197 885 331 926 tollere
357 901 522 939 possum
544 905 589 931 ac
616 902 835 945 protegere.
896 898 958 937 Ne
980 901 1176 943 funestam
1196 905 1298 946 hanc
1319 920 1494 959 pugnam

138 960 264 992 morte
300 958 472 996 consulis
506 959 668 1009 feceris;
719 964 836 1002 etiam
877 966 960 1006 sine
996 968 1072 1008 hoc
1112 972 1360 1013 lacrimarum
1401 977 1492 1015 satis

136 1017 342 1072 luctusque
371 1024 452 1062 est.'
513 1026 577 1065 Ad
611 1041 657 1066 ea
687 1031 846 1070 consul:
893 1034 982 1073 ‘Tu
1013 1038 1183 1088 quidem,
1215 1040 1289 1080 Cn.
1321 1041 1492 1089 Corneli,

135 1094 264 1126 macte
299 1090 436 1130 virtute
473 1101 583 1142 est0;
635 1096 704 1134 sed
734 1110 838 1145 cavet
871 1100 1012 1140 frustra
1047 1105 1270 1146 miserando
1305 1110 1490 1159 exiguum
1512 1118 1578 1149 470

135 1160 290 1205 tempus
318 1170 340 1195 e
367 1160 550 1199 manibus
577 1161 750 1202 hostium
776 1167 967 1207 evadendi
989 1171 1184 1213 absumas.
1244 1177 1334 1224 Abi,
1356 1180 1492 1217 nuntia

134 1222 288 1271 publice
318 1226 504 1274 patribus,
536 1229 674 1267 urbem
705 1230 932 1273 Romanam
962 1239 1141 1278 muniant
1171 1253 1228 1288 ac,
1260 1244 1489 1295 priusquam

133 1289 256 1330 hostis
281 1292 404 1332 victor
430 1295 596 1344 advenit,
623 1300 826 1347 praesidiis
856 1302 1037 1354 firment3
1071 1308 1249 1357 privatim
1279 1310 1328 1358 Q.
1351 1312 1486 1362 Fabio,

133 1355 177 1395 L.
200 1358 415 1398 Aemilium
442 1371 745 1414 praeceptorum
771 1368 852 1407 eius
881 1382 1099 1412 memorem
1127 1384 1165 1414 et
1189 1378 1329 1417 vixisse
1358 1381 1486 1420 adhuc

131 1430 169 1462 et
202 1426 314 1464 mori.
374 1426 443 1466 Me
482 1429 522 1467 in
558 1430 631 1470 hac
666 1440 795 1483 strage
831 1437 995 1476 militum
1031 1453 1211 1481 meorum
1247 1453 1380 1495 patere
1419 1461 1484 1486 ex·
1506 1436 1569 1471 475

83 1495 91 1505 ¹
131 1491 289 1540 spirare,
319 1505 368 1531 ne
400 1502 466 1534 aut
494 1508 585 1535 reus
614 1498 754 1537 iterum
784 1514 805 1540 e
836 1505 1041 1544 consulatu
1077 1509 1150 1547 sim
1186 1519 1251 1549 aut
1283 1522 1487 1553 accusator

129 1557 305 1608 collegae
351 1562 548 1610 exsistam,
587 1572 630 1603 ut
668 1566 796 1605 alieno
844 1571 1003 1611 crimine
1042 1575 1307 1618 innocentiam
1356 1593 1486 1621 meam

127 1626 358 1677 protegam.'

542 1789 575 1822 7.
627 1783 738 1818 Varro
754 1798 908 1821 reserves
925 1791 1074 1831 himself·

180 1883 295 1926 Haec
324 1900 392 1927 eos
423 1898 582 1940 agentes
614 1894 721 1944 prius
751 1898 864 1937 turba
892 1900 1125 1942 suffientium
1156 1906 1307 1956 civium,
1340 1910 1482 1951 deinde

123 1950 258 1991 hostes
288 1966 521 2006 oppressere
532 1970 543 2006 ;
580 1962 784 2001 consulem
814 1965 1052 2017 ignorantes,
1078 1973 1164 2022 quis
1195 1984 1307 2023 esset,
1341 1979 1480 2018 obrue-
1499 1991 1565 2032 480

122 2026 212 2058 runt
239 2021 336 2069 telis,
367 2022 579 2064 Lentulum
613 2028 713 2068 inter
742 2033 951 2073 tumultum
982 2038 1149 2089 abripuit
1179 2054 1312 2092 equus.
1373 2045 1479 2085 Tum

121 2086 296 2139 undique
317 2089 440 2129 effuse
461 2091 626 2143 fugiunt.
688 2095 846 2148 Septem
874 2102 993 2141 millia
1022 2104 1226 2146 hominum
1254 2111 1294 2148 in
1324 2113 1479 2152 minora

121 2159 259 2201 castra,
281 2154 420 2195 decem
449 2158 490 2196 in
516 2161 676 2209 maiora,
699 2163 778 2203 duo
799 2166 921 2206 ferme
946 2170 986 2207 in
1012 2172 1140 2211 vicum
1166 2175 1297 2225 ipsum
1319 2177 1477 2219 Cannas

120 2219 385 2271 perfugerunt‚
428 2225 494 2276 qui
532 2230 731 2280 extemplo
772 2244 794 2270 a
835 2232 1072 2277 Carthalone
1112 2247 1228 2291 atque
1269 2246 1474 2294 equitibus,

119 2285 227 2325 nullo
253 2290 500 2330 munimento
527 2299 686 2345 tegente
715 2299 855 2346 vicum,
879 2302 1132 2345 circumventi
1164 2317 1264 2348 sunt.
1326 2311 1474 2353 Consul
1494 2318 1557 2359 485

119 2352 215 2391 alter
244 2366 313 2393 seu
334 2355 433 2396 forte
462 2371 530 2397 seu
552 2362 730 2410 consilio,
752 2366 844 2403 nulli
866 2367 1099 2418 fugientium
1122 2373 1285 2414 insertus
1313 2381 1473 2428 agmini,

784 2444 806 2472 c
