1747 2620
228 109 253 149 6
468 109 760 151 HANNIBAL'S
793 119 1054 151 CAMPAJGN
1083 120 1140 151 IN
1171 120 1331 152 ITALV.

228 232 405 271 corpora,
441 228 483 259 ut
513 222 576 260 vix
616 234 813 261 armorum
852 223 1113 262 tenendorum
1151 223 1328 274 potentia
1361 228 1505 269 essent,
1539 229 1578 261 et

151 296 209 329 ¹35
230 286 343 325 simul
363 287 586 327 lassitudine
606 295 655 336 et,
677 290 917 339 procedente
937 289 1015 328 iam
1037 289 1111 337 die,
1134 289 1238 328 fame
1259 290 1376 328 etiam
1397 289 1575 328 deficere.

701 407 733 438 5.
784 395 989 431 Hannibal’s
1017 396 1110 430 Men.

285 476 519 517 Hannibalis
564 479 718 517 interim
762 479 885 525 miles,
924 479 1080 529 ignibus
1124 485 1214 517 ante
1257 479 1424 518 tentoria
1468 477 1579 518 factis

228 543 396 594 oleoque
435 558 504 595 per
541 545 775 596 manipulos,
807 552 850 583 ut
883 545 1076 583 mollirent
1111 552 1227 592 artus,
1260 545 1381 584 misso
1416 551 1454 583 et
1488 545 1577 583 cibo

227 622 298 660 per
323 611 446 649 otium
477 618 604 662 capto,
629 611 695 649 ubi
723 619 987 662 transgressos
1018 612 1166 650 flumen
1191 611 1327 650 hostes
1357 611 1576 649 nuntiatum

229 683 298 723 est,
320 677 448 716 alacer
474 678 613 717 animis
641 679 950 730 corporibusque
977 691 1085 717 arma
1113 679 1217 729 capit
1243 684 1360 728 atque
1389 678 1429 715 in
1455 678 1577 716 aciem

152 764 210 796 ¹40
229 743 416 793 procedit.
492 744 663 783 Baliares
710 744 812 784 locat
858 752 947 784 ante
994 745 1118 796 signa,
1159 745 1284 783 levem
1330 751 1578 791 armaturam,

228 816 319 848 octo
350 810 471 850 ferme
497 811 616 850 millia
645 811 862 860 hominum,
884 811 974 851 dein
1004 812 1221 862 graviorem
1249 811 1366 849 armis
1395 811 1578 861 peditem,

228 876 336 927 quod
373 878 522 925 virium,
555 878 663 929 quod
702 879 855 918 roboris
894 886 999 927 erat3
1039 879 1079 916 in
1112 878 1296 917 cornibus
1335 877 1579 916 circumfudit

228 943 365 982 decem
401 944 519 982 millia
553 946 738 995 equitum,
759 952 798 984 et
831 945 882 984 ab
911 946 1095 984 cornibus
1125 945 1165 983 in
1194 952 1400 995 utramque
1427 949 1578 996 partem

228 1010 372 1049 divisos
393 1010 624 1062 elephantos
646 1012 787 1051 statuit.

763 1120 796 1153 6.
847 1119 911 1153 ‘The
938 1118 1052 1164 Fight.

149 1215 208 1248 145
285 1199 433 1239 Consul
468 1200 592 1240 effuse
627 1208 835 1253 sequentes
867 1201 1029 1251 equites,
1065 1212 1186 1250 quum
1225 1200 1275 1238 ab
1312 1199 1579 1238 resistentibus

230 1267 358 1306 subito
399 1266 582 1306 Numidis
622 1268 766 1306 incauti
805 1268 1087 1318 exciperentur,
1122 1267 1237 1316 signo
1275 1267 1447 1316 receptui
1486 1266 1577 1305 dato

228 1340 432 1373 revocatos
471 1334 726 1373 circumdedit
756 1334 962 1386 peditibus.
1032 1333 1312 1383 Duodeviginti
1345 1333 1463 1371 millia
1497 1333 1576 1371 Ro·

228 1412 346 1439 mana
383 1408 503 1447 erant,
540 1402 692 1439 socium
732 1402 903 1440 nominis
944 1401 1075 1439 Latini
1113 1400 1260 1450 viginti,
1292 1399 1433 1438 auxilia
1466 1413 1576 1451 prae-

229 1474 335 1505 terea
374 1466 723 1516 Cenomanorum
769 1481 815 1507 ea
861 1468 944 1507 sola
981 1468 1021 1505 in
1061 1467 1137 1506 fide
1183 1473 1381 1505 manserat
1427 1465 1576 1505 Gallica

149 1552 211 1584 150
228 1546 337 1584 gens.
399 1533 452 1573 Iis
490 1535 614 1586 copiis
653 1546 888 1574 concursum
929 1542 998 1574 est.
1068 1533 1265 1572 Proelium
1300 1545 1323 1571 a
1361 1532 1577 1571 Baliaribus

229 1608 357 1639 ortum
378 1608 457 1649 est3
490 1602 630 1653 quibus
651 1614 773 1653 quum
793 1603 940 1641 maiore
961 1602 1102 1641 robore
1129 1601 1305 1651 legiones
1332 1600 1575 1647 obsisterent,

229 1668 386 1707 diducta
424 1681 591 1719 propere
629 1669 669 1707 in
709 1681 856 1708 cornua
894 1669 987 1708 levis
1031 1675 1225 1707 armatura
1267 1673 1337 1715 est,
1377 1679 1477 1717 quae
1515 1679 1577 1705 res

229 1734 368 1783 effecit,
406 1742 447 1773 ut
487 1735 678 1785 equitatus
718 1735 925 1774 Romanus
967 1734 1164 1785 extemplo
1202 1740 1412 1784 urgeretur.
1470 1733 1576 1772 Nam

230 1813 352 1853 quum
386 1801 447 1839 vix
483 1802 559 1839 iam
589 1814 659 1852 per
693 1814 734 1840 se
767 1803 989 1840 resisterent
1019 1802 1157 1840 decem
1194 1801 1362 1839 millibus
1401 1801 1576 1850 equitum

149 1875 208 1909 ¹55
231 1875 415 1920 quattuor
458 1869 589 1916 millia,
632 1876 670 1907 et
715 1869 806 1907 fessi
849 1869 1010 1919 integris
1060 1868 1268 1919 plerisque,
1315 1867 1442 1905 obruti
1487 1873 1577 1905 sunt

230 1936 388 1985 insuper
426 1935 528 1973 velut
566 1937 672 1974 nube
709 1936 922 1975 iaculorum
960 1948 983 1974 a
1017 1935 1232 1973 Baliaribus
1267 1933 1456 1972 coniecta.
1513 1932 1575 1972 Ad

229 2002 304 2040 hoc
335 2001 529 2052 elephanti
559 2002 775 2041 eminentes
806 2003 856 2040 ab
884 2002 1066 2040 extremis
1097 2001 1293 2047 cornibus,
1315 2000 1424 2050 equis
1454 2000 1577 2038 maxi-

230 2081 293 2107 me
327 2081 409 2107 non
442 2069 526 2107 visu
555 2068 687 2114 modo,
718 2068 787 2106 sed
818 2069 940 2106 odore
973 2068 1130 2106 insolito
1161 2066 1311 2113 territis,
1339 2065 1473 2116 fugam
1503 2066 1578 2105 late

230 2134 434 2174 faciebant.
493 2134 689 2172 Pedestris
728 2147 864 2184 pugna
903 2147 972 2184 par
1012 2134 1151 2171 animis
1185 2133 1312 2182 magis
1343 2143 1463 2182 quam
1492 2133 1577 2170 viri-

152 2206 212 2239 160
230 2203 304 2240 bus
342 2208 433 2248 erat,
470 2213 566 2251 quas
606 2207 782 2239 recentes
822 2200 991 2247 Poenus,
1024 2199 1142 2250 paulo
1182 2205 1271 2237 ante
1311 2198 1454 2237 curatis
1492 2210 1578 2237 cor-

230 2270 402 2320 poribus,
451 2269 491 2306 in
539 2267 731 2319 proelium
780 2267 980 2314 attulerat3
1039 2273 1175 2304 contra
1221 2265 1352 2304 ieiuna
1398 2263 1579 2315 fessaque

234 2348 401 2386 corpora
437 2335 630 2374 Romanis
664 2341 701 2373 et
735 2334 898 2384 rigentia
932 2333 1023 2384 gelu
1056 2332 1275 2383 torpebant.
1333 2330 1580 2370 Restitissent

233 2410 362 2440 tamen
399 2402 548 2447 animis,
585 2402 615 2439 si
655 2414 745 2439 curn
784 2400 916 2450 pedite
947 2399 1074 2438 solum
1105 2399 1204 2436 foret
1239 2405 1477 2448 pugnatum:
1510 2398 1578 2435 sed
