1747 2620
237 117 285 159 18
469 118 762 160 HANNIBAL'S
794 128 1054 161 CAMPAIGN
1083 129 1141 159 IN
1170 127 1328 160 JTALY.

231 241 320 267 cum
341 229 623 279 quinquaginta
643 228 722 267 fere
748 229 941 279 equitibus
962 229 1178 268 Venusiam
1201 229 1380 280 perfugit.
1441 228 1573 277 Quad-

232 295 380 345 raginta
408 297 580 346 quinque
607 295 726 333 millia
754 295 958 346 quingenti
987 295 1149 346 pedites,
1172 295 1251 334 duo
1280 295 1398 333 millia
1428 295 1575 345 septin-

231 362 337 413 genti
376 362 536 412 equites,
577 368 614 400 et
657 368 765 400 tanta
809 373 934 412 prope
974 362 1114 400 civium
1159 361 1434 412 sociorumque
1472 374 1574 412 pars,

142 442 207 476 490
233 429 335 468 caesi
381 428 580 475 dicuntur;
639 428 678 465 in
722 427 783 466 his
829 428 947 465 ambo
992 427 1199 466 consulum
1247 434 1484 478 quaestores,
1530 427 1575 466 L.

233 495 374 534 Atilius
422 501 460 533 et
507 494 549 533 L.
591 494 730 533 Furius
776 493 996 541 Bibaculus,
1047 501 1084 533 et
1128 493 1391 544 undetriginta
1435 494 1576 532 tribuni

232 563 409 609 militurn,
440 561 665 600 consulares
700 560 859 611 quidam
894 561 1155 612 praetoriique
1189 567 1228 599 et
1261 560 1424 599 aedilicii
1464 561 1578 612 (inter

234 641 302 668 eos
338 628 410 667 Cn.
448 627 650 666 Servilium
686 626 900 666 Geminum
937 633 975 665 et
1009 626 1066 665 M.
1102 626 1322 665 Minucium
1361 634 1578 674 numerant,

234 695 300 746 qui
348 694 534 745 magister
580 693 753 745 equitum
801 693 929 743 priore
977 705 1096 741 anno,
1136 693 1283 744 aliquot
1329 693 1442 732 annis
1490 700 1580 732 ante

147 770 209 805 495
237 762 372 801 consul
406 758 564 812 suerat),
598 761 801 811 octoginta
829 766 1029 811 praeterea
1067 766 1132 799 aut
1171 766 1370 798 senatores
1411 765 1477 798 aut
1515 760 1581 810 qui

236 841 305 868 eos
336 828 583 878 magistratus
611 826 835 878 gessissent,
856 826 962 865 unde
991 827 1031 864 in
1064 833 1244 865 senatum
1272 826 1350 876 legi
1381 826 1580 873 deberent,

238 907 360 946 quum
410 906 480 932 sua
527 893 725 932 voluntate
772 892 912 931 milites
961 892 1001 930 in
1045 892 1267 943 legionibus
1307 892 1398 931 facti
1440 900 1582 931 essent.

239 963 364 1012 Capta
396 973 444 999 eo
475 959 626 1011 proelio
658 960 730 999 tria
767 959 885 998 millia
924 958 1099 1011 peditum
1139 965 1178 998 et
1216 958 1365 1010 equites
1404 958 1508 998 mille
1547 966 1583 998 et

241 1029 444 1081 quingenti
466 1027 658 1066 dicuntur.
