1747 2620
382 82 414 114 Ι.
458 81 799 113 ENGAGEMENT
831 82 897 113 ΟΝ
931 81 1024 113 THE
1058 81 1262 113 TICINUS.
1479 87 1503 129 3

146 183 246 223 Inde
291 183 468 237 equitum
517 190 717 223 certamen
767 190 850 223 erat
896 183 1137 235 aliquamdiu
1184 196 1353 234 anceps;
1405 183 1507 229 dein.

146 250 238 303 quia
266 251 478 290 turbabant
512 263 639 302 equos
673 251 826 302 pedites
863 250 1086 298 intermixti,
1119 251 1251 290 multis
1289 251 1509 289 labentibus

131 331 195 382 ‘ex
234 317 346 370 equis
384 325 452 358 aut
491 318 774 366 desilientibus,
815 318 881 357 ubi
922 330 1016 357 suos
1055 318 1182 369 premi
1222 319 1509 358 circumventos

147 385 341 433 vidissent,
374 385 453 425 iam
492 397 641 437 magna
680 398 729 424 ex
769 392 878 436 parte
919 385 969 424 ad
1009 385 1132 437 pedes
1171 397 1308 436 pugna
1337 391 1508 431 venerat,
1526 399 1571 432 50

146 453 276 492 donec
305 452 516 500 Numidae,
539 453 605 504 qui
635 452 676 491 in
706 453 893 492 cornibus
924 459 1046 501 erant,
1072 452 1320 492 circumvecti
1349 451 1510 503 paulum

146 520 196 558 ab
244 526 356 571 tergo
404 532 446 559 se
486 520 757 559 ostenderunt.
831 519 871 558 Is
918 532 1042 572 pavor
1080 520 1245 572 perculit
1289 519 1509 565 Romanos,

146 587 329 639 auxitque
359 599 549 639 pavorem
580 587 754 627 consulis
785 587 925 627 vulnus
963 588 1260 639 periculumque
1295 588 1512 626 intercursu

145 662 230 694 tum
267 655 439 707 primum
478 655 733 706 pubescentis
772 654 838 693 filii
881 655 1167 706 propulsatum.
1226 654 1307 694 Hic
1346 654 1416 693 erit
1454 654 1511 691 iu-

145 723 264 770 venis,
295 735 419 774 penes
449 735 569 774 quem
609 721 772 773 perfecti
809 722 974 761 huiusce
1008 722 1099 761 belli
1132 722 1217 761 laus
1252 728 1323 769 est,
1358 720 1509 760 Africa·
1531 728 1572 762 55

145 802 221 829 nus
247 791 301 830 ob
330 790 532 842 egregiam
557 789 761 829 victoriam
790 789 839 828 de
870 789 1097 829 Hannibale
1126 789 1350 841 Poenisque
1378 789 1512 841 appel-

145 857 257 897 latus.
314 856 428 908 Fuga
460 863 595 896 tamen
631 857 757 896 effusa
790 856 1048 896 iaculatorum
1082 858 1255 896 maxime
1294 857 1376 900 fuit,
1410 868 1512 908 quos

146 926 296 977 primos
325 924 526 964 Numidae
555 925 804 974 invaserunt;
835 924 932 964 alius
963 925 1162 964 confertus
1193 925 1388 978 equitatus
1419 937 1514 964 con·

147 993 272 1033 sulem
305 993 346 1032 in
381 993 558 1032 medium
592 1000 812 1045 acceptum,
848 1005 931 1032 non
966 994 1084 1033 armis
1118 994 1255 1041 modo,
1286 993 1357 1033 sed
1395 993 1513 1032 etiam

148 1060 382 1113 corporibus
410 1061 490 1100 suis
518 1066 744 1112 protegens,
766 1061 806 1099 in
835 1068 962 1100 castra
988 1074 1187 1113 nusquam
1213 1061 1363 1113 trepide
1384 1073 1513 1113 neque
1531 1066 1575 1101 60

147 1129 270 1169 effuse
300 1129 482 1169 cedendo
513 1129 679 1167 reduxit.
741 1128 891 1168 Servati
921 1130 1093 1169 consulis
1124 1130 1245 1169 decus
1277 1129 1433 1168 Caelius
1464 1128 1514 1168 ad

147 1209 303 1236 servum
332 1195 494 1235 natione
524 1195 714 1247 Ligurem
745 1196 924 1247 delegat;
965 1198 1099 1236 malim
1130 1197 1314 1248 equidem
1351 1198 1399 1236 de
1435 1196 1513 1235 filio

147 1276 282 1303 verum
322 1276 422 1313 esse,
462 1263 570 1316 quod
610 1270 649 1304 et
686 1263 818 1316 plures
864 1264 1059 1304 tradidere
1099 1272 1279 1304 auctores
1324 1271 1364 1303 et
1409 1264 1515 1303 fama

147 1331 328 1372 obtinuit.

322 1489 383 1533 II.
446 1489 707 1533 BATTLE
761 1491 844 1535 OF
898 1492 1035 1534 THE
1088 1492 1350 1535 TREBIA.

725 1611 815 1645 B.C.
850 1602 948 1646 218.

558 1747 588 1770 1.
640 1736 706 1770 ‘The
731 1742 804 1770 t-wo
832 1736 972 1771 consuls
999 1737 1100 1772 unite.

208 1815 360 1857 Consul
395 1817 502 1865 alter,
543 1819 776 1869 compositis
813 1818 966 1858 Siciliae
1006 1821 1134 1868 rebus,
1176 1819 1315 1860 decem
1354 1821 1517 1860 navibus
1537 1827 1579 1869 65

152 1896 263 1923 oram
299 1884 436 1923 Italiae
471 1885 607 1936 legens
641 1886 867 1925 Ariminum
902 1888 1088 1938 pervenit.
1149 1888 1248 1926 Inde
1285 1901 1376 1928 cum
1408 1901 1518 1928 exer-

154 1951 233 1989 citu
253 1963 326 1990 suo
347 1951 549 2002 profectus
571 1952 621 1992 ad
652 1951 841 1992 Trebiam
869 1954 1019 1993 flumen
1050 1955 1226 2006 collegae
1255 1956 1519 2006 coniungitur.

154 2017 240 2056 Iam
274 2018 395 2057 ambo
432 2019 617 2059 consules
653 2026 692 2059 et
728 2022 917 2073 quicquid
951 2021 1228 2061 Romanarum
1260 2024 1397 2062 virium
1427 2031 1520 2071 erat,

155 2084 374 2124 Hannibali
414 2087 656 2137 oppositum,
697 2095 762 2126 aut
802 2089 873 2127 illis
914 2090 1039 2140 copiis
1082 2089 1240 2129 defendi
1280 2103 1397 2141 posse
1438 2090 1521 2129 Ro-

155 2165 320 2191 manum
354 2153 566 2204 imperium
606 2163 672 2194 aut
713 2169 826 2207 spem
861 2157 1008 2196 nullam
1043 2158 1161 2197 aliam
1197 2171 1295 2206 esse,
1330 2160 1420 2198 satis
1455 2160 1521 2198 de·
1545 2172 1586 2205 70

157 2220 338 2259 clarabat.
410 2220 568 2260 Tamen
608 2223 748 2262 consul
793 2223 898 2272 alter,
940 2226 1111 2276 equestri
1158 2227 1310 2277 proelio
1358 2239 1438 2265 uno
1486 2234 1524 2265 et

157 2287 315 2326 vulnere
350 2299 423 2325 suo
458 2288 643 2337 minutus,
675 2289 774 2328 trahi
810 2303 893 2329 rem
932 2292 1129 2340 malebat3
1197 2294 1365 2332 recentis
1404 2293 1523 2331 animi

158 2353 252 2393 alter
273 2363 401 2404 eoque
421 2352 588 2394 ferocior
609 2355 755 2394 nullam
778 2356 1006 2396 dilationem
1028 2359 1257 2409 patiebatur.

826 2422 851 2450 Β
867 2426 883 2450 2
