<?xml version="1.0" encoding="UTF-8"?>
<!DOCTYPE html PUBLIC "-//W3C//DTD XHTML 1.0 Transitional//EN"
    "http://www.w3.org/TR/xhtml1/DTD/xhtml1-transitional.dtd">
<html xmlns="http://www.w3.org/1999/xhtml" xml:lang="en" lang="en">
 <head>
  <title>
</title>
<meta http-equiv="Content-Type" content="text/html;charset=utf-8" />
  <meta name='ocr-system' content='tesseract 3.04.00' />
  <meta name='ocr-capabilities' content='ocr_page ocr_carea ocr_par ocr_line ocrx_word'/>
</head>
<body>
  <div class='ocr_page' id='page_1' title='image "./extractsfromlivy02livyuoft/extractsfromlivy02livyuoft_0031.png"; bbox 0 0 1747 2620; ppageno 0'>
   <div class='ocr_carea' id='block_1_1' title="bbox 421 98 1483 143">
    <p class='ocr_par' dir='ltr' id='par_1_1' title="bbox 421 98 1483 143">
     <span class='ocr_line' id='line_1_1' title="bbox 421 98 1483 143; baseline -0.001 -13"><span class='ocrx_word' id='word_1_1' title='bbox 421 99 488 131; x_wconf 86' lang='lat' dir='ltr'>IV.</span> <span class='ocrx_word' id='word_1_2' title='bbox 538 99 633 130; x_wconf 90' lang='lat' dir='ltr'>THE</span> <span class='ocrx_word' id='word_1_3' title='bbox 663 98 723 129; x_wconf 87' lang='lat' dir='ltr'>BA</span> <span class='ocrx_word' id='word_1_4' title='bbox 735 98 852 130; x_wconf 90' lang='lat' dir='ltr'><em>TTLE</em></span> <span class='ocrx_word' id='word_1_5' title='bbox 885 98 946 130; x_wconf 81' lang='lat' dir='ltr'>OF</span> <span class='ocrx_word' id='word_1_6' title='bbox 978 98 1187 130; x_wconf 75' lang='lat' dir='ltr'><strong><em>CANNAE.</em></strong></span> <span class='ocrx_word' id='word_1_7' title='bbox 1433 101 1483 143; x_wconf 75' lang='lat'>13</span> 
     </span>
    </p>
   </div>
   <div class='ocr_carea' id='block_1_2' title="bbox 117 198 1568 995">
    <p class='ocr_par' dir='ltr' id='par_1_2' title="bbox 117 198 1568 928">
     <span class='ocr_line' id='line_1_2' title="bbox 121 198 1485 241; baseline -0.001 -2"><span class='ocrx_word' id='word_1_8' title='bbox 121 198 257 240; x_wconf 80' lang='lat' dir='ltr'>licitari</span> <span class='ocrx_word' id='word_1_9' title='bbox 305 199 499 240; x_wconf 90' lang='lat' dir='ltr'>seditione</span> <span class='ocrx_word' id='word_1_10' title='bbox 533 200 688 240; x_wconf 86' lang='lat' dir='ltr'>militari</span> <span class='ocrx_word' id='word_1_11' title='bbox 727 213 774 240; x_wconf 89' lang='lat' dir='ltr'>ac</span> <span class='ocrx_word' id='word_1_12' title='bbox 814 200 1010 240; x_wconf 76' lang='lat' dir='ltr'>discordia</span> <span class='ocrx_word' id='word_1_13' title='bbox 1050 200 1260 241; x_wconf 87' lang='lat' dir='ltr'>consulum</span> <span class='ocrx_word' id='word_1_14' title='bbox 1300 199 1485 238; x_wconf 85' lang='lat' dir='ltr'>Romana</span> 
     </span>
     <span class='ocr_line' id='line_1_3' title="bbox 122 268 1484 320; baseline -0.001 -14"><span class='ocrx_word' id='word_1_15' title='bbox 122 275 260 316; x_wconf 88' lang='lat' dir='ltr'>castra,</span> <span class='ocrx_word' id='word_1_16' title='bbox 287 280 410 319; x_wconf 91' lang='lat' dir='ltr'>quum</span> <span class='ocrx_word' id='word_1_17' title='bbox 440 268 584 308; x_wconf 88' lang='lat' dir='ltr'>Paulus</span> <span class='ocrx_word' id='word_1_18' title='bbox 617 268 919 320; x_wconf 80' lang='lat' dir='ltr'>Semproniique</span> <span class='ocrx_word' id='word_1_19' title='bbox 949 276 986 307; x_wconf 92' lang='lat' dir='ltr'>et</span> <span class='ocrx_word' id='word_1_20' title='bbox 1016 268 1197 307; x_wconf 89' lang='lat' dir='ltr'>Flaminii</span> <span class='ocrx_word' id='word_1_21' title='bbox 1227 268 1484 306; x_wconf 80' lang='lat' dir='ltr'>temeritatem</span> 
     </span>
     <span class='ocr_line' id='line_1_4' title="bbox 122 334 1484 387; baseline 0 -15"><span class='ocrx_word' id='word_1_22' title='bbox 122 334 303 382; x_wconf 93' lang='lat' dir='ltr'>Varroni,</span> <span class='ocrx_word' id='word_1_23' title='bbox 338 335 466 375; x_wconf 90' lang='lat' dir='ltr'>Varro</span> <span class='ocrx_word' id='word_1_24' title='bbox 513 336 739 387; x_wconf 86' lang='lat' dir='ltr'>speciosum</span> <span class='ocrx_word' id='word_1_25' title='bbox 788 336 934 375; x_wconf 88' lang='lat' dir='ltr'>timidis</span> <span class='ocrx_word' id='word_1_26' title='bbox 980 349 1026 376; x_wconf 87' lang='lat' dir='ltr'>ac</span> <span class='ocrx_word' id='word_1_27' title='bbox 1073 336 1263 386; x_wconf 85' lang='lat' dir='ltr'>segnibus</span> <span class='ocrx_word' id='word_1_28' title='bbox 1318 334 1484 373; x_wconf 88' lang='lat' dir='ltr'>ducibus</span> 
     </span>
     <span class='ocr_line' id='line_1_5' title="bbox 121 392 1482 454; baseline -0.001 -13"><span class='ocrx_word' id='word_1_29' title='bbox 121 392 348 454; x_wconf 79' lang='lat' dir='ltr'>exemplum</span> <span class='ocrx_word' id='word_1_30' title='bbox 387 403 555 442; x_wconf 87' lang='lat' dir='ltr'>Fabium</span> <span class='ocrx_word' id='word_1_31' title='bbox 594 403 792 451; x_wconf 87' lang='lat' dir='ltr'>obiiceret,</span> <span class='ocrx_word' id='word_1_32' title='bbox 828 410 1111 454; x_wconf 84' lang='lat' dir='ltr'>testareturque</span> <span class='ocrx_word' id='word_1_33' title='bbox 1151 403 1248 442; x_wconf 91' lang='lat' dir='ltr'>deos</span> <span class='ocrx_word' id='word_1_34' title='bbox 1282 401 1482 441; x_wconf 89' lang='lat' dir='ltr'>homines-</span> 
     </span>
     <span class='ocr_line' id='line_1_6' title="bbox 121 468 1568 522; baseline 0.001 -14"><span class='ocrx_word' id='word_1_35' title='bbox 121 481 199 520; x_wconf 85' lang='lat' dir='ltr'>que</span> <span class='ocrx_word' id='word_1_36' title='bbox 230 470 304 517; x_wconf 90' lang='lat' dir='ltr'>hic,</span> <span class='ocrx_word' id='word_1_37' title='bbox 325 470 474 509; x_wconf 91' lang='lat' dir='ltr'>nullam</span> <span class='ocrx_word' id='word_1_38' title='bbox 503 483 625 522; x_wconf 85' lang='lat' dir='ltr'>penes</span> <span class='ocrx_word' id='word_1_39' title='bbox 656 483 698 510; x_wconf 91' lang='lat' dir='ltr'>se</span> <span class='ocrx_word' id='word_1_40' title='bbox 728 471 886 522; x_wconf 90' lang='lat' dir='ltr'>culpam</span> <span class='ocrx_word' id='word_1_41' title='bbox 916 483 1016 518; x_wconf 87' lang='lat' dir='ltr'>esse,</span> <span class='ocrx_word' id='word_1_42' title='bbox 1038 469 1148 521; x_wconf 89' lang='lat' dir='ltr'>quod</span> <span class='ocrx_word' id='word_1_43' title='bbox 1175 469 1380 509; x_wconf 83' lang='lat' dir='ltr'>Hannibal</span> <span class='ocrx_word' id='word_1_44' title='bbox 1403 468 1483 507; x_wconf 89' lang='lat' dir='ltr'>iam</span> <span class='ocrx_word' id='word_1_45' title='bbox 1504 476 1568 509; x_wconf 84' lang='lat'>340</span> 
     </span>
     <span class='ocr_line' id='line_1_7' title="bbox 121 536 1482 591; baseline -0.001 -16"><span class='ocrx_word' id='word_1_46' title='bbox 121 537 226 576; x_wconf 91' lang='lat' dir='ltr'>velut</span> <span class='ocrx_word' id='word_1_47' title='bbox 244 550 320 577; x_wconf 87' lang='lat' dir='ltr'>usu</span> <span class='ocrx_word' id='word_1_48' title='bbox 344 539 514 591; x_wconf 84' lang='lat' dir='ltr'>cepisset</span> <span class='ocrx_word' id='word_1_49' title='bbox 540 538 694 577; x_wconf 90' lang='lat' dir='ltr'>Italiam</span> <span class='ocrx_word' id='word_1_50' title='bbox 708 551 718 586; x_wconf 92' lang='lat'>;</span> <span class='ocrx_word' id='word_1_51' title='bbox 751 551 793 577; x_wconf 90' lang='lat' dir='ltr'>se</span> <span class='ocrx_word' id='word_1_52' title='bbox 821 539 1079 578; x_wconf 86' lang='lat' dir='ltr'>constrictum</span> <span class='ocrx_word' id='word_1_53' title='bbox 1106 550 1130 576; x_wconf 90' lang='lat' dir='ltr'>a</span> <span class='ocrx_word' id='word_1_54' title='bbox 1157 537 1311 588; x_wconf 84' lang='lat' dir='ltr'>collega</span> <span class='ocrx_word' id='word_1_55' title='bbox 1337 536 1482 583; x_wconf 84' lang='lat' dir='ltr'>teneri3</span> 
     </span>
     <span class='ocr_line' id='line_1_8' title="bbox 121 603 1483 657; baseline -0.001 -14"><span class='ocrx_word' id='word_1_56' title='bbox 121 603 267 644; x_wconf 83' lang='lat' dir='ltr'>sermm</span> <span class='ocrx_word' id='word_1_57' title='bbox 312 612 428 657; x_wconf 87' lang='lat' dir='ltr'>atque</span> <span class='ocrx_word' id='word_1_58' title='bbox 476 618 585 645; x_wconf 88' lang='lat' dir='ltr'>arma</span> <span class='ocrx_word' id='word_1_59' title='bbox 630 606 736 644; x_wconf 90' lang='lat' dir='ltr'>iratis</span> <span class='ocrx_word' id='word_1_60' title='bbox 774 612 812 645; x_wconf 90' lang='lat' dir='ltr'>et</span> <span class='ocrx_word' id='word_1_61' title='bbox 851 618 1029 657; x_wconf 88' lang='lat' dir='ltr'>pugnare</span> <span class='ocrx_word' id='word_1_62' title='bbox 1069 606 1319 657; x_wconf 89' lang='lat' dir='ltr'>cupientibus</span> <span class='ocrx_word' id='word_1_63' title='bbox 1363 603 1483 643; x_wconf 86' lang='lat' dir='ltr'>adimi</span> 
     </span>
     <span class='ocr_line' id='line_1_9' title="bbox 121 671 1483 726; baseline -0.001 -16"><span class='ocrx_word' id='word_1_64' title='bbox 121 672 334 721; x_wconf 90' lang='lat' dir='ltr'>militibus‚·</span> <span class='ocrx_word' id='word_1_65' title='bbox 365 673 438 721; x_wconf 89' lang='lat' dir='ltr'>ille,</span> <span class='ocrx_word' id='word_1_66' title='bbox 467 674 500 712; x_wconf 88' lang='lat' dir='ltr'>si</span> <span class='ocrx_word' id='word_1_67' title='bbox 526 673 621 726; x_wconf 91' lang='lat' dir='ltr'>quid</span> <span class='ocrx_word' id='word_1_68' title='bbox 651 673 837 725; x_wconf 86' lang='lat' dir='ltr'>proiectis</span> <span class='ocrx_word' id='word_1_69' title='bbox 868 686 913 712; x_wconf 90' lang='lat' dir='ltr'>ac</span> <span class='ocrx_word' id='word_1_70' title='bbox 942 673 1107 724; x_wconf 88' lang='lat' dir='ltr'>proditis</span> <span class='ocrx_word' id='word_1_71' title='bbox 1137 673 1187 712; x_wconf 90' lang='lat' dir='ltr'>ad</span> <span class='ocrx_word' id='word_1_72' title='bbox 1217 671 1483 711; x_wconf 80' lang='lat' dir='ltr'>inconsultam</span> 
     </span>
     <span class='ocr_line' id='line_1_10' title="bbox 121 739 1483 792; baseline -0.001 -14"><span class='ocrx_word' id='word_1_73' title='bbox 121 746 238 791; x_wconf 88' lang='lat' dir='ltr'>atque</span> <span class='ocrx_word' id='word_1_74' title='bbox 269 740 531 792; x_wconf 71' lang='lat' dir='ltr'>improvidam</span> <span class='ocrx_word' id='word_1_75' title='bbox 565 753 743 792; x_wconf 87' lang='lat' dir='ltr'>pugnam</span> <span class='ocrx_word' id='word_1_76' title='bbox 779 741 1001 791; x_wconf 84' lang='lat' dir='ltr'>legionibus</span> <span class='ocrx_word' id='word_1_77' title='bbox 1038 740 1245 788; x_wconf 73' lang='lat' dir='ltr'>accideret,</span> <span class='ocrx_word' id='word_1_78' title='bbox 1279 753 1322 779; x_wconf 87' lang='lat' dir='ltr'>se</span> <span class='ocrx_word' id='word_1_79' title='bbox 1352 739 1483 778; x_wconf 88' lang='lat' dir='ltr'>omnis</span> 
     </span>
     <span class='ocr_line' id='line_1_11' title="bbox 119 806 1562 859; baseline 0 -14"><span class='ocrx_word' id='word_1_80' title='bbox 119 808 258 859; x_wconf 87' lang='lat' dir='ltr'>culpae</span> <span class='ocrx_word' id='word_1_81' title='bbox 294 816 504 856; x_wconf 85' lang='lat' dir='ltr'>exsortem,</span> <span class='ocrx_word' id='word_1_82' title='bbox 540 809 672 847; x_wconf 90' lang='lat' dir='ltr'>omnis</span> <span class='ocrx_word' id='word_1_83' title='bbox 712 815 875 847; x_wconf 85' lang='lat' dir='ltr'>eventus</span> <span class='ocrx_word' id='word_1_84' title='bbox 917 808 1149 859; x_wconf 84' lang='lat' dir='ltr'>participem</span> <span class='ocrx_word' id='word_1_85' title='bbox 1189 808 1274 847; x_wconf 89' lang='lat' dir='ltr'>sore</span> <span class='ocrx_word' id='word_1_86' title='bbox 1313 806 1562 854; x_wconf 74' lang='lat' dir='ltr'>diceret;345</span> 
     </span>
     <span class='ocr_line' id='line_1_12' title="bbox 117 875 1484 928; baseline 0.001 -17"><span class='ocrx_word' id='word_1_87' title='bbox 117 875 277 923; x_wconf 87' lang='lat' dir='ltr'>videret,</span> <span class='ocrx_word' id='word_1_88' title='bbox 298 882 352 923; x_wconf 90' lang='lat' dir='ltr'>ut,</span> <span class='ocrx_word' id='word_1_89' title='bbox 374 876 516 928; x_wconf 88' lang='lat' dir='ltr'>quibus</span> <span class='ocrx_word' id='word_1_90' title='bbox 545 876 682 927; x_wconf 92' lang='lat' dir='ltr'>lingua</span> <span class='ocrx_word' id='word_1_91' title='bbox 710 883 792 915; x_wconf 88' lang='lat' dir='ltr'>tam</span> <span class='ocrx_word' id='word_1_92' title='bbox 822 883 1008 928; x_wconf 88' lang='lat' dir='ltr'>prompta</span> <span class='ocrx_word' id='word_1_93' title='bbox 1037 888 1085 914; x_wconf 86' lang='lat' dir='ltr'>ac</span> <span class='ocrx_word' id='word_1_94' title='bbox 1115 875 1330 922; x_wconf 84' lang='lat' dir='ltr'>temeraria,</span> <span class='ocrx_word' id='word_1_95' title='bbox 1359 886 1484 926; x_wconf 87' lang='lat' dir='ltr'>aeque</span> 
     </span>
    </p>

    <p class='ocr_par' dir='ltr' id='par_1_3' title="bbox 117 941 686 995">
     <span class='ocr_line' id='line_1_13' title="bbox 117 941 686 995; baseline 0.002 -14"><span class='ocrx_word' id='word_1_96' title='bbox 117 941 159 981; x_wconf 90' lang='lat' dir='ltr'>in</span> <span class='ocrx_word' id='word_1_97' title='bbox 179 954 317 994; x_wconf 89' lang='lat' dir='ltr'>pugna</span> <span class='ocrx_word' id='word_1_98' title='bbox 336 944 512 995; x_wconf 88' lang='lat' dir='ltr'>vigerent</span> <span class='ocrx_word' id='word_1_99' title='bbox 532 956 686 982; x_wconf 86' lang='lat' dir='ltr'>manus.</span> 
     </span>
    </p>
   </div>
   <div class='ocr_carea' id='block_1_3' title="bbox 442 1048 1169 1093">
    <p class='ocr_par' dir='ltr' id='par_1_4' title="bbox 442 1048 1169 1093">
     <span class='ocr_line' id='line_1_14' title="bbox 442 1048 1169 1093; baseline 0.003 -13"><span class='ocrx_word' id='word_1_100' title='bbox 442 1061 471 1081; x_wconf 81' lang='lat'>2.</span> <span class='ocrx_word' id='word_1_101' title='bbox 503 1048 614 1081; x_wconf 69' lang='lat' dir='ltr'>Varro</span> <span class='ocrx_word' id='word_1_102' title='bbox 636 1049 740 1093; x_wconf 55' lang='lat' dir='ltr'>gia-cs</span> <span class='ocrx_word' id='word_1_103' title='bbox 771 1049 825 1081; x_wconf 64' lang='lat' dir='ltr'>the</span> <span class='ocrx_word' id='word_1_104' title='bbox 851 1051 928 1093; x_wconf 63' lang='lat' dir='ltr'>sign</span> <span class='ocrx_word' id='word_1_105' title='bbox 945 1050 1013 1091; x_wconf 62' lang='lat' dir='ltr'>fv*</span> <span class='ocrx_word' id='word_1_106' title='bbox 1041 1048 1169 1083; x_wconf 72' lang='lat' dir='ltr'>Battlc.</span> 
     </span>
    </p>
   </div>
   <div class='ocr_carea' id='block_1_4' title="bbox 85 1130 1569 2260">
    <p class='ocr_par' dir='ltr' id='par_1_5' title="bbox 85 1130 1569 2192">
     <span class='ocr_line' id='line_1_15' title="bbox 173 1130 1484 1185; baseline -0.001 -14"><span class='ocrx_word' id='word_1_107' title='bbox 173 1130 282 1171; x_wconf 87' lang='lat' dir='ltr'>Dum</span> <span class='ocrx_word' id='word_1_108' title='bbox 310 1131 629 1172; x_wconf 86' lang='lat' dir='ltr'>altercationibus</span> <span class='ocrx_word' id='word_1_109' title='bbox 657 1134 784 1184; x_wconf 86' lang='lat' dir='ltr'>magis</span> <span class='ocrx_word' id='word_1_110' title='bbox 810 1145 930 1184; x_wconf 87' lang='lat' dir='ltr'>quam</span> <span class='ocrx_word' id='word_1_111' title='bbox 953 1134 1125 1172; x_wconf 87' lang='lat' dir='ltr'>consiliis</span> <span class='ocrx_word' id='word_1_112' title='bbox 1156 1140 1312 1185; x_wconf 88' lang='lat' dir='ltr'>tempus</span> <span class='ocrx_word' id='word_1_113' title='bbox 1340 1134 1484 1179; x_wconf 87' lang='lat' dir='ltr'>teritur,</span> 
     </span>
     <span class='ocr_line' id='line_1_16' title="bbox 118 1197 1481 1252; baseline 0.001 -15"><span class='ocrx_word' id='word_1_114' title='bbox 118 1197 323 1238; x_wconf 86' lang='lat' dir='ltr'>Hannibal</span> <span class='ocrx_word' id='word_1_115' title='bbox 356 1213 405 1239; x_wconf 84' lang='lat' dir='ltr'>ex</span> <span class='ocrx_word' id='word_1_116' title='bbox 438 1201 532 1247; x_wconf 87' lang='lat' dir='ltr'>acie,</span> <span class='ocrx_word' id='word_1_117' title='bbox 565 1213 685 1252; x_wconf 86' lang='lat' dir='ltr'>quam</span> <span class='ocrx_word' id='word_1_118' title='bbox 717 1201 768 1240; x_wconf 87' lang='lat' dir='ltr'>ad</span> <span class='ocrx_word' id='word_1_119' title='bbox 797 1201 966 1240; x_wconf 89' lang='lat' dir='ltr'>multum</span> <span class='ocrx_word' id='word_1_120' title='bbox 998 1200 1076 1240; x_wconf 86' lang='lat' dir='ltr'>diei</span> <span class='ocrx_word' id='word_1_121' title='bbox 1107 1207 1286 1239; x_wconf 90' lang='lat' dir='ltr'>tenuerat</span> <span class='ocrx_word' id='word_1_122' title='bbox 1316 1200 1481 1239; x_wconf 87' lang='lat' dir='ltr'>instruc-</span> 
     </span>
     <span class='ocr_line' id='line_1_17' title="bbox 118 1266 1569 1319; baseline 0.002 -14"><span class='ocrx_word' id='word_1_123' title='bbox 118 1273 211 1314; x_wconf 87' lang='lat' dir='ltr'>tam,</span> <span class='ocrx_word' id='word_1_124' title='bbox 239 1280 362 1318; x_wconf 87' lang='lat' dir='ltr'>quum</span> <span class='ocrx_word' id='word_1_125' title='bbox 393 1267 435 1306; x_wconf 90' lang='lat' dir='ltr'>in</span> <span class='ocrx_word' id='word_1_126' title='bbox 466 1275 594 1307; x_wconf 84' lang='lat' dir='ltr'>castra</span> <span class='ocrx_word' id='word_1_127' title='bbox 626 1276 775 1308; x_wconf 89' lang='lat' dir='ltr'>ceteras</span> <span class='ocrx_word' id='word_1_128' title='bbox 807 1268 999 1319; x_wconf 88' lang='lat' dir='ltr'>reciperet</span> <span class='ocrx_word' id='word_1_129' title='bbox 1029 1268 1177 1319; x_wconf 89' lang='lat' dir='ltr'>copias,</span> <span class='ocrx_word' id='word_1_130' title='bbox 1207 1267 1404 1306; x_wconf 89' lang='lat' dir='ltr'>Numidas</span> <span class='ocrx_word' id='word_1_131' title='bbox 1435 1266 1484 1305; x_wconf 85' lang='lat' dir='ltr'>ad</span> <span class='ocrx_word' id='word_1_132' title='bbox 1505 1277 1569 1308; x_wconf 77' lang='lat'>350</span> 
     </span>
     <span class='ocr_line' id='line_1_18' title="bbox 117 1333 1484 1387; baseline 0.001 -15"><span class='ocrx_word' id='word_1_133' title='bbox 117 1333 365 1374; x_wconf 84' lang='lat' dir='ltr'>invadendos</span> <span class='ocrx_word' id='word_1_134' title='bbox 411 1347 460 1374; x_wconf 83' lang='lat' dir='ltr'>ex</span> <span class='ocrx_word' id='word_1_135' title='bbox 503 1335 723 1374; x_wconf 90' lang='lat' dir='ltr'>minoribus</span> <span class='ocrx_word' id='word_1_136' title='bbox 771 1336 906 1375; x_wconf 87' lang='lat' dir='ltr'>castris</span> <span class='ocrx_word' id='word_1_137' title='bbox 952 1335 1230 1374; x_wconf 87' lang='lat' dir='ltr'>Romanorum</span> <span class='ocrx_word' id='word_1_138' title='bbox 1275 1342 1484 1387; x_wconf 86' lang='lat' dir='ltr'>aquatores</span> 
     </span>
     <span class='ocr_line' id='line_1_19' title="bbox 117 1402 1484 1453; baseline 0.001 -13"><span class='ocrx_word' id='word_1_139' title='bbox 117 1407 224 1441; x_wconf 87' lang='lat' dir='ltr'>trans</span> <span class='ocrx_word' id='word_1_140' title='bbox 254 1402 403 1442; x_wconf 83' lang='lat' dir='ltr'>flumen</span> <span class='ocrx_word' id='word_1_141' title='bbox 432 1403 558 1442; x_wconf 88' lang='lat' dir='ltr'>mittit.</span> <span class='ocrx_word' id='word_1_142' title='bbox 620 1403 755 1452; x_wconf 84' lang='lat' dir='ltr'>Quam</span> <span class='ocrx_word' id='word_1_143' title='bbox 785 1404 1033 1443; x_wconf 83' lang='lat' dir='ltr'>inconditam</span> <span class='ocrx_word' id='word_1_144' title='bbox 1064 1403 1220 1442; x_wconf 88' lang='lat' dir='ltr'>turbam</span> <span class='ocrx_word' id='word_1_145' title='bbox 1250 1415 1372 1453; x_wconf 88' lang='lat' dir='ltr'>quum</span> <span class='ocrx_word' id='word_1_146' title='bbox 1402 1403 1484 1441; x_wconf 80' lang='lat' dir='ltr'>vix·</span> 
     </span>
     <span class='ocr_line' id='line_1_20' title="bbox 118 1468 1485 1522; baseline 0 -15"><span class='ocrx_word' id='word_1_147' title='bbox 118 1468 215 1508; x_wconf 89' lang='lat' dir='ltr'>dum</span> <span class='ocrx_word' id='word_1_148' title='bbox 259 1469 300 1508; x_wconf 92' lang='lat' dir='ltr'>in</span> <span class='ocrx_word' id='word_1_149' title='bbox 334 1471 462 1522; x_wconf 87' lang='lat' dir='ltr'>ripam</span> <span class='ocrx_word' id='word_1_150' title='bbox 501 1472 650 1521; x_wconf 87' lang='lat' dir='ltr'>egressi</span> <span class='ocrx_word' id='word_1_151' title='bbox 683 1472 854 1509; x_wconf 86' lang='lat' dir='ltr'>clamore</span> <span class='ocrx_word' id='word_1_152' title='bbox 895 1483 941 1509; x_wconf 92' lang='lat' dir='ltr'>ac</span> <span class='ocrx_word' id='word_1_153' title='bbox 980 1470 1148 1509; x_wconf 86' lang='lat' dir='ltr'>tumultu</span> <span class='ocrx_word' id='word_1_154' title='bbox 1187 1469 1404 1520; x_wconf 80' lang='lat' dir='ltr'>fugassent,</span> <span class='ocrx_word' id='word_1_155' title='bbox 1445 1470 1485 1508; x_wconf 80' lang='lat' dir='ltr'>in</span> 
     </span>
     <span class='ocr_line' id='line_1_21' title="bbox 85 1525 1483 1589; baseline 0.001 -15"><span class='ocrx_word' id='word_1_156' title='bbox 85 1525 94 1535; x_wconf 60' lang='grc'><strong>’</strong></span> <span class='ocrx_word' id='word_1_157' title='bbox 119 1536 329 1588; x_wconf 85' lang='lat' dir='ltr'>stationem</span> <span class='ocrx_word' id='word_1_158' title='bbox 374 1549 536 1589; x_wconf 85' lang='lat' dir='ltr'>quoque</span> <span class='ocrx_word' id='word_1_159' title='bbox 583 1550 655 1588; x_wconf 91' lang='lat' dir='ltr'>pro</span> <span class='ocrx_word' id='word_1_160' title='bbox 695 1538 796 1576; x_wconf 90' lang='lat' dir='ltr'>vallo</span> <span class='ocrx_word' id='word_1_161' title='bbox 837 1537 1008 1576; x_wconf 85' lang='lat' dir='ltr'>locatam</span> <span class='ocrx_word' id='word_1_162' title='bbox 1049 1544 1166 1587; x_wconf 90' lang='lat' dir='ltr'>atque</span> <span class='ocrx_word' id='word_1_163' title='bbox 1206 1537 1312 1588; x_wconf 89' lang='lat' dir='ltr'>ipsas</span> <span class='ocrx_word' id='word_1_164' title='bbox 1358 1548 1483 1588; x_wconf 84' lang='lat' dir='ltr'>prope</span> 
     </span>
     <span class='ocr_line' id='line_1_22' title="bbox 118 1598 1568 1656; baseline 0.001 -14"><span class='ocrx_word' id='word_1_165' title='bbox 118 1598 252 1654; x_wconf 78' lang='lat' dir='ltr'>portas</span> <span class='ocrx_word' id='word_1_166' title='bbox 292 1605 415 1643; x_wconf 79' lang='lat' dir='ltr'>evecti</span> <span class='ocrx_word' id='word_1_167' title='bbox 455 1611 557 1643; x_wconf 90' lang='lat' dir='ltr'>sunt.</span> <span class='ocrx_word' id='word_1_168' title='bbox 618 1604 666 1644; x_wconf 93' lang='lat' dir='ltr'>Id</span> <span class='ocrx_word' id='word_1_169' title='bbox 700 1617 792 1644; x_wconf 91' lang='lat' dir='ltr'>vero</span> <span class='ocrx_word' id='word_1_170' title='bbox 828 1605 1037 1656; x_wconf 88' lang='lat' dir='ltr'>indignum</span> <span class='ocrx_word' id='word_1_171' title='bbox 1076 1605 1217 1651; x_wconf 84' lang='lat' dir='ltr'>visum,</span> <span class='ocrx_word' id='word_1_172' title='bbox 1253 1605 1302 1643; x_wconf 88' lang='lat' dir='ltr'>ab</span> <span class='ocrx_word' id='word_1_173' title='bbox 1342 1605 1483 1643; x_wconf 91' lang='lat' dir='ltr'>tumul·</span> <span class='ocrx_word' id='word_1_174' title='bbox 1505 1615 1568 1649; x_wconf 79' lang='lat'>355</span> 
     </span>
     <span class='ocr_line' id='line_1_23' title="bbox 118 1671 1484 1719; baseline 0.001 -10"><span class='ocrx_word' id='word_1_175' title='bbox 118 1671 245 1710; x_wconf 86' lang='lat' dir='ltr'>tuario</span> <span class='ocrx_word' id='word_1_176' title='bbox 265 1671 409 1711; x_wconf 82' lang='lat' dir='ltr'>auxilio</span> <span class='ocrx_word' id='word_1_177' title='bbox 430 1672 509 1711; x_wconf 91' lang='lat' dir='ltr'>iam</span> <span class='ocrx_word' id='word_1_178' title='bbox 530 1673 648 1711; x_wconf 86' lang='lat' dir='ltr'>etiarn</span> <span class='ocrx_word' id='word_1_179' title='bbox 678 1680 805 1712; x_wconf 87' lang='lat' dir='ltr'>castra</span> <span class='ocrx_word' id='word_1_180' title='bbox 833 1671 1020 1711; x_wconf 82' lang='lat' dir='ltr'>Romana</span> <span class='ocrx_word' id='word_1_181' title='bbox 1046 1672 1190 1719; x_wconf 88' lang='lat' dir='ltr'>terreri,</span> <span class='ocrx_word' id='word_1_182' title='bbox 1212 1677 1254 1710; x_wconf 89' lang='lat' dir='ltr'>ut</span> <span class='ocrx_word' id='word_1_183' title='bbox 1283 1684 1331 1710; x_wconf 91' lang='lat' dir='ltr'>ea</span> <span class='ocrx_word' id='word_1_184' title='bbox 1359 1672 1484 1711; x_wconf 91' lang='lat' dir='ltr'>modo</span> 
     </span>
     <span class='ocr_line' id='line_1_24' title="bbox 118 1739 1484 1792; baseline 0.001 -15"><span class='ocrx_word' id='word_1_185' title='bbox 118 1750 198 1777; x_wconf 90' lang='lat' dir='ltr'>una</span> <span class='ocrx_word' id='word_1_186' title='bbox 245 1751 375 1787; x_wconf 87' lang='lat' dir='ltr'>causa,</span> <span class='ocrx_word' id='word_1_187' title='bbox 416 1752 467 1778; x_wconf 87' lang='lat' dir='ltr'>ne</span> <span class='ocrx_word' id='word_1_188' title='bbox 513 1740 715 1792; x_wconf 74' lang='lat' dir='ltr'>extemplo</span> <span class='ocrx_word' id='word_1_189' title='bbox 756 1742 961 1780; x_wconf 85' lang='lat' dir='ltr'>transirent</span> <span class='ocrx_word' id='word_1_190' title='bbox 1004 1740 1153 1778; x_wconf 85' lang='lat' dir='ltr'>flumen</span> <span class='ocrx_word' id='word_1_191' title='bbox 1193 1739 1484 1791; x_wconf 82' lang='lat' dir='ltr'>dirigerentque</span> 
     </span>
     <span class='ocr_line' id='line_1_25' title="bbox 118 1805 1484 1859; baseline 0.001 -15"><span class='ocrx_word' id='word_1_192' title='bbox 118 1806 256 1854; x_wconf 89' lang='lat' dir='ltr'>aciem,</span> <span class='ocrx_word' id='word_1_193' title='bbox 305 1807 473 1846; x_wconf 86' lang='lat' dir='ltr'>tenuerit</span> <span class='ocrx_word' id='word_1_194' title='bbox 519 1807 742 1855; x_wconf 86' lang='lat' dir='ltr'>Romanos,</span> <span class='ocrx_word' id='word_1_195' title='bbox 784 1805 893 1859; x_wconf 92' lang='lat' dir='ltr'>quod</span> <span class='ocrx_word' id='word_1_196' title='bbox 934 1819 1091 1846; x_wconf 88' lang='lat' dir='ltr'>summa</span> <span class='ocrx_word' id='word_1_197' title='bbox 1129 1807 1285 1859; x_wconf 87' lang='lat' dir='ltr'>imperii</span> <span class='ocrx_word' id='word_1_198' title='bbox 1331 1819 1380 1846; x_wconf 90' lang='lat' dir='ltr'>eo</span> <span class='ocrx_word' id='word_1_199' title='bbox 1421 1807 1484 1846; x_wconf 89' lang='lat' dir='ltr'>die</span> 
     </span>
     <span class='ocr_line' id='line_1_26' title="bbox 118 1873 1483 1925; baseline 0.001 -13"><span class='ocrx_word' id='word_1_200' title='bbox 118 1886 241 1924; x_wconf 88' lang='lat' dir='ltr'>penes</span> <span class='ocrx_word' id='word_1_201' title='bbox 271 1873 437 1913; x_wconf 87' lang='lat' dir='ltr'>Paulum</span> <span class='ocrx_word' id='word_1_202' title='bbox 468 1874 593 1914; x_wconf 89' lang='lat' dir='ltr'>fuerit.</span> <span class='ocrx_word' id='word_1_203' title='bbox 654 1875 792 1925; x_wconf 79' lang='lat' dir='ltr'>Itaque</span> <span class='ocrx_word' id='word_1_204' title='bbox 823 1884 984 1925; x_wconf 87' lang='lat' dir='ltr'>postero</span> <span class='ocrx_word' id='word_1_205' title='bbox 1025 1874 1089 1913; x_wconf 90' lang='lat' dir='ltr'>die</span> <span class='ocrx_word' id='word_1_206' title='bbox 1122 1873 1264 1922; x_wconf 89' lang='lat' dir='ltr'>Varro,</span> <span class='ocrx_word' id='word_1_207' title='bbox 1294 1875 1358 1914; x_wconf 93' lang='lat' dir='ltr'>cui</span> <span class='ocrx_word' id='word_1_208' title='bbox 1398 1886 1483 1913; x_wconf 89' lang='lat' dir='ltr'>sors</span> 
     </span>
     <span class='ocr_line' id='line_1_27' title="bbox 118 1938 1568 1990; baseline 0.001 -14"><span class='ocrx_word' id='word_1_209' title='bbox 118 1938 202 1977; x_wconf 88' lang='lat' dir='ltr'>eius</span> <span class='ocrx_word' id='word_1_210' title='bbox 237 1938 314 1977; x_wconf 90' lang='lat' dir='ltr'>diei</span> <span class='ocrx_word' id='word_1_211' title='bbox 348 1940 502 1990; x_wconf 87' lang='lat' dir='ltr'>imperii</span> <span class='ocrx_word' id='word_1_212' title='bbox 538 1946 631 1987; x_wconf 89' lang='lat' dir='ltr'>erat,</span> <span class='ocrx_word' id='word_1_213' title='bbox 664 1940 760 1978; x_wconf 85' lang='lat' dir='ltr'>nihil</span> <span class='ocrx_word' id='word_1_214' title='bbox 796 1939 979 1978; x_wconf 90' lang='lat' dir='ltr'>consulto</span> <span class='ocrx_word' id='word_1_215' title='bbox 1015 1939 1168 1990; x_wconf 88' lang='lat' dir='ltr'>collega</span> <span class='ocrx_word' id='word_1_216' title='bbox 1200 1940 1357 1990; x_wconf 89' lang='lat' dir='ltr'>signum</span> <span class='ocrx_word' id='word_1_217' title='bbox 1392 1951 1482 1990; x_wconf 90' lang='lat' dir='ltr'>pro·</span> <span class='ocrx_word' id='word_1_218' title='bbox 1503 1940 1568 1983; x_wconf 83' lang='lat'>360</span> 
     </span>
     <span class='ocr_line' id='line_1_28' title="bbox 118 2007 1483 2059; baseline 0.001 -14"><span class='ocrx_word' id='word_1_219' title='bbox 118 2007 252 2058; x_wconf 89' lang='lat' dir='ltr'>posuit</span> <span class='ocrx_word' id='word_1_220' title='bbox 274 2007 563 2059; x_wconf 86' lang='lat' dir='ltr'>instructasque</span> <span class='ocrx_word' id='word_1_221' title='bbox 584 2008 721 2059; x_wconf 87' lang='lat' dir='ltr'>copias</span> <span class='ocrx_word' id='word_1_222' title='bbox 749 2007 897 2047; x_wconf 86' lang='lat' dir='ltr'>flumen</span> <span class='ocrx_word' id='word_1_223' title='bbox 925 2007 1105 2055; x_wconf 80' lang='lat' dir='ltr'>traduxit,</span> <span class='ocrx_word' id='word_1_224' title='bbox 1128 2015 1318 2059; x_wconf 89' lang='lat' dir='ltr'>sequente</span> <span class='ocrx_word' id='word_1_225' title='bbox 1346 2007 1483 2051; x_wconf 86' lang='lat' dir='ltr'>Paulo,</span> 
     </span>
     <span class='ocr_line' id='line_1_29' title="bbox 118 2074 1484 2128; baseline 0.001 -16"><span class='ocrx_word' id='word_1_226' title='bbox 118 2074 211 2125; x_wconf 88' lang='lat' dir='ltr'>quia</span> <span class='ocrx_word' id='word_1_227' title='bbox 254 2075 384 2125; x_wconf 89' lang='lat' dir='ltr'>magis</span> <span class='ocrx_word' id='word_1_228' title='bbox 431 2086 516 2115; x_wconf 89' lang='lat' dir='ltr'>non</span> <span class='ocrx_word' id='word_1_229' title='bbox 555 2076 725 2126; x_wconf 89' lang='lat' dir='ltr'>probare</span> <span class='ocrx_word' id='word_1_230' title='bbox 766 2088 887 2128; x_wconf 84' lang='lat' dir='ltr'>quam</span> <span class='ocrx_word' id='word_1_231' title='bbox 926 2087 1010 2115; x_wconf 90' lang='lat' dir='ltr'>non</span> <span class='ocrx_word' id='word_1_232' title='bbox 1050 2075 1232 2114; x_wconf 82' lang='lat' dir='ltr'>adiuvare</span> <span class='ocrx_word' id='word_1_233' title='bbox 1275 2075 1484 2114; x_wconf 85' lang='lat' dir='ltr'>consilium</span> 
     </span>
     <span class='ocr_line' id='line_1_30' title="bbox 119 2146 286 2192; baseline 0.006 -13"><span class='ocrx_word' id='word_1_234' title='bbox 119 2146 286 2192; x_wconf 88' lang='lat' dir='ltr'>poterat.</span> 
     </span>
    </p>

    <p class='ocr_par' dir='ltr' id='par_1_6' title="bbox 548 2216 1053 2260">
     <span class='ocr_line' id='line_1_31' title="bbox 548 2216 1053 2260; baseline 0 -10"><span class='ocrx_word' id='word_1_235' title='bbox 548 2227 580 2260; x_wconf 86' lang='lat'>3.</span> <span class='ocrx_word' id='word_1_236' title='bbox 631 2216 696 2251; x_wconf 75' lang='lat' dir='ltr'>‘The</span> <span class='ocrx_word' id='word_1_237' title='bbox 724 2216 836 2251; x_wconf 86' lang='lat' dir='ltr'>Order</span> <span class='ocrx_word' id='word_1_238' title='bbox 862 2216 906 2260; x_wconf 90' lang='lat' dir='ltr'>of</span> <span class='ocrx_word' id='word_1_239' title='bbox 924 2216 1053 2252; x_wconf 81' lang='lat' dir='ltr'>Battle.</span> 
     </span>
    </p>
   </div>
   <div class='ocr_carea' id='block_1_5' title="bbox 118 2297 1566 2417">
    <p class='ocr_par' dir='ltr' id='par_1_7' title="bbox 118 2297 1566 2417">
     <span class='ocr_line' id='line_1_32' title="bbox 174 2297 1484 2350; baseline 0.002 -13"><span class='ocrx_word' id='word_1_240' title='bbox 174 2297 430 2349; x_wconf 86' lang='lat' dir='ltr'>Transgressi</span> <span class='ocrx_word' id='word_1_241' title='bbox 449 2297 599 2338; x_wconf 90' lang='lat' dir='ltr'>flumen</span> <span class='ocrx_word' id='word_1_242' title='bbox 627 2311 694 2337; x_wconf 84' lang='lat' dir='ltr'>eas</span> <span class='ocrx_word' id='word_1_243' title='bbox 719 2311 892 2350; x_wconf 92' lang='lat' dir='ltr'>quoque,</span> <span class='ocrx_word' id='word_1_244' title='bbox 915 2311 1013 2350; x_wconf 86' lang='lat' dir='ltr'>quas</span> <span class='ocrx_word' id='word_1_245' title='bbox 1040 2299 1081 2337; x_wconf 90' lang='lat' dir='ltr'>in</span> <span class='ocrx_word' id='word_1_246' title='bbox 1103 2299 1238 2338; x_wconf 89' lang='lat' dir='ltr'>castris</span> <span class='ocrx_word' id='word_1_247' title='bbox 1263 2300 1484 2340; x_wconf 89' lang='lat' dir='ltr'>minoribus</span> 
     </span>
     <span class='ocr_line' id='line_1_33' title="bbox 118 2363 1566 2417; baseline 0 -14"><span class='ocrx_word' id='word_1_248' title='bbox 118 2363 347 2412; x_wconf 86' lang='lat' dir='ltr'>habuerant,</span> <span class='ocrx_word' id='word_1_249' title='bbox 369 2365 506 2416; x_wconf 87' lang='lat' dir='ltr'>copias</span> <span class='ocrx_word' id='word_1_250' title='bbox 536 2365 616 2404; x_wconf 87' lang='lat' dir='ltr'>suis</span> <span class='ocrx_word' id='word_1_251' title='bbox 647 2365 868 2416; x_wconf 86' lang='lat' dir='ltr'>adiungunt</span> <span class='ocrx_word' id='word_1_252' title='bbox 895 2373 1012 2417; x_wconf 83' lang='lat' dir='ltr'>atque</span> <span class='ocrx_word' id='word_1_253' title='bbox 1041 2366 1093 2405; x_wconf 84' lang='lat' dir='ltr'>ita</span> <span class='ocrx_word' id='word_1_254' title='bbox 1119 2366 1317 2405; x_wconf 87' lang='lat' dir='ltr'>instruunt</span> <span class='ocrx_word' id='word_1_255' title='bbox 1338 2369 1480 2407; x_wconf 85' lang='lat' dir='ltr'>aciem:</span> <span class='ocrx_word' id='word_1_256' title='bbox 1502 2371 1566 2414; x_wconf 75' lang='lat'>365</span> 
     </span>
    </p>
   </div>
  </div>
 </body>
</html>
