1747 2620
272 118 322 148 10
513 103 810 144 HANNIBAL'S
842 113 1101 146 CAMPAJGN
1131 115 1188 146 IN
1217 115 1375 148 ITALV.

491 279 523 309 ⁴·
575 267 640 300 ‘The
659 267 744 315 gods
771 266 845 313 help
871 267 962 302 those
988 268 1069 302 who
1095 268 1170 314 help
1196 269 1409 305 themselves.

174 369 235 401 ²50
318 348 482 396 Consul,
519 349 707 399 perculsis
743 350 939 397 omnibus,
975 350 1060 401 ipse
1100 352 1203 398 satis,
1239 358 1281 390 ut
1315 352 1356 390 in
1387 365 1428 391 re
1459 351 1624 404 trepida,

263 416 483 466 impavidus
509 416 684 455 turbatos
709 416 878 463 ordines,
908 425 1083 457 vertente
1109 430 1150 457 se
1181 431 1340 469 quoque
1365 418 1417 458 ad
1441 418 1625 458 dissonos

262 483 468 530 clamores,
490 483 655 532 instruit,
675 491 717 522 ut
743 490 901 535 tempus
930 485 1120 536 locusque
1148 486 1302 536 patitur,
1323 493 1360 524 et
1388 498 1624 538 quacunque

262 549 368 588 adire
413 550 616 601 audirique
662 558 805 603 potest,
851 552 1078 591 adhortatur
1125 565 1170 591 ac
1216 560 1318 592 stare
1357 565 1403 592 ac
1449 565 1624 604 pugnare

261 617 392 656 iubet:
433 630 507 657 nec
537 619 643 656 enim
674 619 764 658 inde
795 620 894 658 votis
926 627 992 658 aut
1023 620 1298 670 imploratione
1329 620 1459 668 deum,
1489 620 1559 659 sed
1588 621 1624 659 vi

181 701 241 734 ²55
262 697 307 722 ac
339 685 478 723 virtute
513 686 763 725 evadendum
803 699 912 735 esse;
958 700 1027 738 per
1060 688 1212 726 medias
1247 688 1351 727 acies
1385 687 1486 727 ferro
1521 689 1624 726 viam

262 752 343 790 fieri
379 760 426 800 et,
463 765 543 803 quo
580 754 731 793 timoris
771 755 902 793 minus
943 755 1002 802 sit,
1039 767 1087 793 eo
1127 755 1258 793 minus
1298 755 1422 794 ferme
1462 755 1625 806 periculi

261 831 360 859 esse.
431 819 616 859 Ceterum
657 834 750 873 prae
791 823 954 873 strepitu
994 835 1040 862 ac
1080 823 1249 862 tumultu
1292 835 1367 862 nec
1415 824 1624 862 consilium

263 901 338 928 nec
377 889 586 940 imperium
627 890 752 940 accipi
799 897 966 940 poterat,
1006 897 1239 942 tantumque
1282 891 1427 938 aberat,
1467 898 1509 930 ut
1555 903 1625 930 sua

262 957 376 1006 signa
411 963 527 1006 atque
562 957 721 996 ordines
756 963 794 995 et
829 956 961 996 locum
997 965 1219 1005 noscerent,
1255 965 1297 997 ut
1331 959 1395 997 vix
1430 958 1482 997 ad
1516 971 1626 998 arma

179 1035 244 1067 260
262 1023 455 1073 capienda
485 1023 737 1075 aptandaque
768 1037 926 1076 pugnae
958 1032 1202 1076 competeret
1233 1026 1401 1072 animus,
1423 1026 1622 1077 opprime-

262 1097 472 1140 renturque
505 1090 667 1140 quidam
700 1093 852 1130 onerati
885 1093 1011 1142 magis
1043 1092 1104 1131 his
1139 1104 1260 1143 quam
1296 1093 1398 1131 tecti.
1456 1091 1508 1131 Et
1543 1099 1624 1132 erat

262 1155 301 1194 in
331 1160 442 1195 tanta
471 1157 637 1208 caligine
668 1159 793 1197 maior
822 1171 915 1198 usus
946 1160 1096 1198 aurium
1128 1172 1248 1210 quam
1279 1159 1499 1200 oculorum.

674 1287 705 1319 5.
757 1277 879 1321 Evety
904 1290 987 1312 man
1013 1291 1036 1312 a
1063 1278 1222 1324 Captain.

314 1356 381 1397 Ad
419 1358 588 1409 gemitus
622 1359 827 1399 vulnerum
861 1361 1042 1412 ictusque
1078 1374 1289 1413 corporum
1320 1370 1385 1402 aut
1425 1375 1625 1403 armorum

261 1432 299 1463 et
330 1426 475 1464 mixtos
511 1427 767 1477 strepentium
802 1428 1110 1479 paventiumque
1145 1429 1338 1469 clamores
1377 1430 1624 1470 circumfere-

179 1494 240 1537 265
260 1493 357 1531 bant
405 1505 475 1531 ora
520 1493 749 1546 oculosque.
821 1495 900 1533 Alii
948 1495 1144 1546 fugientes
1190 1498 1453 1548 pugnantium
1501 1498 1625 1549 globo

261 1559 353 1597 illati
388 1559 629 1609 haerebant3
672 1561 770 1601 alios
806 1562 1016 1601 redeuntes
1051 1563 1092 1602 in
1127 1576 1305 1615 pugnam
1336 1564 1536 1604 avertebat
1565 1564 1624 1603 fu-

260 1626 450 1676 gientium
490 1640 646 1678 agmen.
718 1628 887 1677 Deinde,
928 1630 995 1669 ubi
1035 1630 1075 1669 in
1114 1643 1256 1670 omnes
1294 1638 1427 1683 partes
1461 1632 1624 1683 nequic-

260 1706 380 1744 quam
419 1695 590 1745 impetus
631 1697 746 1747 capti,
782 1704 822 1736 et
860 1698 909 1736 ab
948 1697 1132 1737 lateribus
1172 1705 1330 1737 montes
1365 1711 1412 1738 ac
1446 1698 1568 1747 lacus,
1601 1711 1625 1739 a

261 1760 389 1800 fronte
424 1768 462 1800 et
496 1762 546 1801 ab
586 1769 697 1813 tergo
737 1763 912 1802 hostium
952 1765 1056 1804 acies
1095 1765 1316 1813 claudebat,
1351 1767 1623 1818 apparuitque,

178 1839 244 1876 270
262 1828 408 1867 nullam
448 1829 524 1868 nisi
563 1829 604 1868 in
648 1830 809 1869 dextera
855 1831 1037 1883 ferroque
1077 1832 1210 1871 salutis
1250 1844 1365 1884 spem
1404 1845 1504 1881 esse,
1539 1840 1623 1872 tum

261 1895 334 1933 sibi
364 1896 531 1946 quisque
563 1895 643 1935 dux
679 1897 986 1949 adhortatorque
1022 1899 1147 1938 factus
1183 1899 1235 1939 ad
1268 1912 1352 1939 rem
1391 1900 1621 1950 gerendam,

259 1968 297 2001 et
336 1974 439 2001 nova
479 1963 528 2002 de
568 1964 722 2016 integro
762 1971 900 2003 exorta
940 1978 1075 2016 pugna
1114 1972 1186 2014 est,
1215 1979 1299 2005 non
1337 1967 1402 2006 illa
1440 1967 1623 2007 ordinata

259 2042 328 2081 per
366 2030 567 2082 principes
605 2030 862 2083 hastatosque
903 2045 948 2072 ac
988 2034 1152 2082 triarios,
1191 2046 1265 2074 nec
1304 2041 1346 2072 ut
1384 2047 1458 2086 pro
1499 2036 1621 2087 signis

258 2097 520 2148 antesignani,
551 2105 643 2149 post
682 2100 796 2150 signa
826 2099 901 2138 alia
930 2108 1125 2151 pugnaret
1155 2102 1271 2149 acies,
1303 2114 1378 2141 nec
1407 2108 1450 2141 ut
1478 2102 1519 2141 in
1550 2115 1622 2142 sua

176 2177 237 2214 275
258 2164 413 2215 legione
448 2165 561 2205 miles
596 2172 662 2205 aut
701 2166 864 2206 cohorte
899 2174 965 2206 aut
999 2168 1204 2219 manipulo
1239 2176 1343 2208 esset
1354 2181 1366 2218 ;
1407 2168 1489 2209 fors
1524 2182 1620 2209 con-

255 2231 444 2282 globabat
478 2238 516 2271 et
551 2232 705 2272 animus
741 2246 834 2272 suus
872 2235 1016 2286 cuique
1051 2242 1141 2274 ante
1180 2243 1248 2275 aut
1285 2243 1378 2287 post
1416 2238 1621 2288 pugnandi

255 2299 436 2337 ordinem
485 2299 616 2348 dabat,
666 2307 878 2352 tantusque
934 2302 1005 2340 fuit
1055 2302 1172 2341 ardor
1230 2304 1467 2352 animorum,
1517 2305 1618 2344 adeo

253 2366 424 2405 intentus
459 2380 619 2418 pugnae
655 2369 822 2416 animus,
858 2376 899 2408 ut
934 2382 1025 2408 eum
1060 2377 1213 2409 motum
1250 2378 1382 2417 terrae,
1417 2372 1483 2423 qui
1517 2372 1617 2410 mul-
