1747 2620
181 120 192 127 -
216 103 239 142 8
459 110 520 141 HA
529 105 752 141 NNIBAL'S
784 109 839 141 CA
848 109 946 141 MPA
956 110 1045 141 [GN
1072 110 1130 141 IN
1160 110 1314 144 ITALP.

215 417 300 458 III.
354 416 682 459 DISASTER
717 417 799 460 OF
832 417 1013 460 LAKE
1046 416 1562 460 THRASYMENUS.

775 536 868 570 Re.
903 536 1000 581 217.

491 674 522 699 1.
572 665 637 698 ‘The
657 665 743 710 gods
770 677 878 699 warn
906 665 1095 699 Flaminius
1121 665 1156 700 in
1183 666 1283 700 vain.

267 764 491 812 Flaminius,
527 765 593 815 qui
632 777 682 803 ne
721 765 853 815 quieto
888 764 1048 816 quidem
1086 764 1200 803 hoste
1239 765 1322 816 ipse
1362 764 1563 815 quieturus

211 839 304 880 erat,
335 840 417 870 turn
447 844 551 878 vero,
573 839 786 883 postquam
815 844 876 870 res
917 832 1114 870 sociorum
1144 838 1233 870 ante
1269 831 1406 870 oculos
1440 842 1564 881 prope

213 911 304 938 suos
331 899 418 937 ferri
446 899 587 949 agique
612 899 716 944 vidit,
747 910 860 936 suum
888 897 928 937 id
955 897 1127 937 dedecus
1156 904 1272 945 ratus,
1294 910 1364 948 per
1393 897 1564 935 mediam

212 966 289 1004 iarn
320 965 472 1003 Italiam
503 965 635 1015 vagari
665 965 843 1003 Poenum
874 971 991 1015 atque
1020 965 1235 1004 obsistente
1265 964 1372 1003 nullo
1402 965 1452 1003 ad
1479 965 1565 1015 ipsa

134 1053 195 1076 200
214 1033 398 1072 Romana
427 1033 586 1071 moenia
614 1033 667 1070 ire
699 1031 981 1082 oppugnanda,
1013 1032 1151 1070 ceteris
1181 1032 1364 1070 omnibus
1395 1031 1436 1069 in
1468 1043 1564 1069 con-

213 1099 298 1139 silio
328 1098 507 1138 salutaria
536 1099 662 1149 magis
699 1110 818 1149 quam
850 1099 1032 1150 speciosa
1067 1098 1334 1145 suadentibus,
1370 1098 1563 1148 collegam

213 1165 533 1217 exspectandum,
569 1171 612 1203 ut
650 1165 869 1204 coniunctis
907 1166 1153 1212 exercitibus,
1189 1165 1391 1204 communi
1430 1165 1564 1204 animo

213 1233 456 1282 consilioque
491 1243 574 1271 rem
608 1238 799 1282 gererent,
836 1232 989 1270 interim
1029 1232 1204 1282 equitatu
1242 1231 1472 1282 auxiliisque
1510 1231 1565 1270 le-

213 1300 318 1338 vium
353 1310 552 1337 armorum
584 1299 634 1337 ab
669 1297 793 1336 effusa
827 1297 1043 1348 praedandi
1079 1298 1233 1337 licentia
1266 1297 1422 1337 hostem
1458 1298 1565 1337 cohi-

134 1382 195 1415 205
214 1367 400 1413 bendum,
432 1366 551 1405 iratus
582 1378 625 1404 se
660 1378 709 1404 ex
743 1366 908 1404 consilio
944 1367 1146 1416 proripuit,
1180 1367 1417 1417 signumque
1451 1366 1565 1405 simul

213 1435 359 1473 itineris
388 1445 626 1485 pugnaeque
654 1445 777 1484 quum
808 1433 1088 1483 proposuisset,
1119 1432 1273 1471 ‘Immo
1304 1433 1446 1472 Arretii
1475 1440 1565 1471 ante

213 1501 372 1540 moenia
414 1499 642 1539 sedeamus'
689 1499 813 1550 inquit
826 1513 835 1547 ;
887 1499 974 1538 ‘hic
1016 1500 1122 1538 enim
1165 1500 1289 1550 patria
1327 1506 1365 1538 et
1403 1506 1566 1551 penates

215 1574 315 1606 sunt,
374 1566 577 1606 Hannibal
615 1567 782 1605 emissus
817 1579 837 1605 e
873 1567 1055 1605 manibus
1095 1567 1376 1617 perpopuletur
1414 1566 1565 1606 Italiam

215 1634 484 1685 vastandoque
523 1640 561 1672 et
600 1633 751 1672 urendo
791 1634 926 1672 omnia
964 1633 1015 1672 ad
1055 1633 1239 1672 Romana
1281 1634 1439 1672 moenia
1480 1646 1568 1684 per-

137 1718 198 1740 210
216 1702 354 1748 veniat,
395 1713 468 1740 nec
507 1708 597 1739 ante
637 1713 711 1739 nos
750 1700 841 1739 hinc
880 1701 1129 1747 moverimus,
1171 1712 1302 1750 quam,
1338 1701 1436 1738 sicut
1474 1700 1568 1738 olim

217 1767 425 1807 Camillum
461 1768 510 1806 ab
540 1767 661 1814 Veiis,
698 1767 741 1806 C.
766 1767 1001 1806 Flaminium
1036 1768 1086 1805 ab
1117 1767 1271 1805 Arretio
1306 1774 1436 1817 patres
1467 1767 1568 1805 acci-

217 1834 360 1873 verint.'
420 1834 533 1873 Haec
565 1835 677 1872 simul
713 1835 921 1884 increpans
956 1846 1077 1884 quum
1112 1833 1222 1872 ocius
1258 1833 1370 1883 Signa
1404 1832 1570 1871 convelli

218 1903 366 1941 iuberet
396 1909 434 1940 et
462 1902 546 1953 ipse
578 1902 617 1939 in
647 1914 793 1953 equum
824 1901 1044 1948 insiluisset,
1077 1912 1202 1952 equus
1233 1906 1395 1951 repente
1426 1900 1569 1938 corruit

219 1969 501 2019 consulemque
541 1969 694 2019 lapsum
730 1981 846 2019 super
881 1975 998 2018 caput
1033 1967 1181 2006 effudit.
1240 1966 1403 2005 Territis
1441 1967 1570 2005 omni·

138 2025 198 2080 2¹15
219 2037 303 2083 bus,
344 2037 409 2086 qui
449 2036 553 2074 circa
590 2042 711 2082 erant,
748 2035 851 2073 velut
887 2034 1006 2073 foedo
1046 2035 1178 2073 omine
1217 2032 1464 2083 incipiendae
1503 2033 1569 2080 rei,

219 2103 378 2153 insuper
407 2103 615 2150 nuntiatur,
649 2103 807 2152 signum
837 2102 947 2140 omni
976 2102 1010 2139 vi
1041 2101 1227 2139 moliente
1260 2099 1445 2150 signifero
1476 2112 1571 2138 con-

220 2169 305 2207 velli
325 2170 498 2220 nequire.
559 2169 783 2208 Conversus
805 2169 855 2207 ad
876 2169 1056 2207 nuntium
1081 2166 1203 2205 ‘Num
1227 2166 1372 2205 litteras
1392 2165 1568 2218 quoque'

219 2237 343 2287 inquit
387 2237 460 2274 ‘ab
505 2243 643 2275 senatu
686 2236 813 2282 affers,
852 2248 952 2285 quae
1002 2247 1065 2273 me
1104 2246 1186 2272 rem
1235 2246 1371 2284 gerere
1410 2234 1570 2272 vetent?

220 2304 308 2349 Abi,
339 2303 486 2349 nuntia,
518 2303 708 2340 effodiant
746 2303 915 2352 signum,
946 2301 977 2340 si
1016 2300 1067 2339 ad
1096 2299 1396 2339 convellendum
1431 2312 1572 2338 manus

139 2382 201 2405 220
221 2381 312 2419 prae
333 2376 438 2407 metu
459 2367 768 2418 obtorpuerunt.'
