1747 2620
395 73 461 109 JV.
508 71 599 108 THE
629 71 816 108 BATTLE
850 72 909 104 OF
941 71 1152 107 CANNAE.
1402 72 1452 118 15

310 288 344 319 4.
391 277 454 310 ‘she
480 276 631 311 Romans
650 275 835 310 victorious
855 287 939 309 over
958 275 1013 309 the
1032 275 1237 320 Europeans.

151 381 335 422 Clamore
366 382 531 430 sublato,
553 393 786 433 procursum
811 381 860 419 ab
888 381 1040 420 auxiliis
1072 388 1109 420 et
1139 393 1274 432 pugna
1302 379 1451 419 levibus

95 449 268 499 primum
329 449 448 487 armis
508 448 745 495 commissa;
811 448 954 487 deinde
1013 448 1189 499 equitum
1244 447 1448 486 Gallorum

97 515 449 568 Hispanorumque
484 515 636 554 laevum
672 527 795 554 cornu
830 527 920 554 cum
961 515 1099 554 dextro
1135 514 1323 553 Romano
1355 526 1449 552 con·
1480 528 1546 560 400

96 583 224 630 currit,
263 583 426 621 minime
472 582 662 634 equestris
703 595 814 622 more
863 595 1044 633 pugnae;
1104 581 1296 620 frontibus
1346 581 1450 619 enim

97 650 269 689 adversis
291 649 607 689 concurrendum
633 656 725 697 erat,
747 650 849 700 quia,
872 649 979 688 nullo
1002 649 1105 688 circa
1132 648 1182 687 ad
1202 648 1451 698 evagandum

96 716 230 756 relicto
260 717 400 767 spatio,
430 716 523 755 hinc
558 716 698 763 amnis,
728 716 822 755 hinc
857 717 1035 767 peditum
1070 716 1173 755 acies
1205 716 1451 761 claudebant,

96 785 136 823 in
184 785 374 823 directum
427 783 607 834 utrinque
661 784 840 823 nitentes.
914 784 1114 823 Stantibus
1169 796 1214 822 ac
1267 783 1452 822 confertis

97 859 300 902 postremo
350 852 464 890 turba
511 851 634 902 equis,
684 851 740 889 vir
788 851 912 890 virum
967 851 1173 902 amplexus
1227 850 1453 889 detrahebat
1473 865 1536 897 405

96 931 212 970 equo.
290 918 477 958 Pedestre
520 931 667 969 magna
709 919 788 956 iam
827 931 875 957 ex
919 924 1028 969 parte
1069 925 1267 957 certamen
1307 918 1453 956 factum

97 993 178 1025 erat
190 999 200 1034 3
250 985 377 1025 acrius
411 992 545 1024 tamen
580 997 700 1036 quarn
735 985 878 1024 diutius
918 993 1137 1036 pugnatum
1172 992 1243 1032 est,
1273 985 1453 1036 pulsique

99 1052 271 1092 Romani
306 1052 457 1104 equites
492 1060 602 1103 terga
636 1059 799 1091 vertunt.
861 1052 944 1091 Sub
983 1053 1173 1103 equestris
1213 1052 1333 1091 finem
1372 1065 1454 1091 cer-

97 1120 254 1158 taminis
293 1126 430 1158 coorta
476 1125 534 1157 est
579 1118 756 1169 peditum
796 1132 941 1170 pugna,
983 1120 1110 1171 primo
1151 1126 1189 1158 et
1227 1119 1372 1158 viribus
1419 1125 1456 1157 et

97 1187 238 1236 animis
273 1199 354 1238 par,
390 1186 484 1225 dum
524 1187 760 1225 constabant
799 1187 957 1225 ordines
997 1186 1120 1226 Gallis
1161 1186 1538 1238 Hispanisque;410

98 1253 258 1292 tandem
308 1253 491 1300 Romani,
532 1253 600 1292 diu
648 1265 694 1292 ac
743 1266 862 1305 saepe
911 1254 1077 1301 connisi,
1119 1254 1279 1306 obliqua
1326 1254 1454 1293 fronte

98 1321 261 1372 acieque
306 1320 429 1359 densa
474 1319 664 1370 impulere
711 1319 884 1359 hostium
924 1333 1094 1360 cuneum
1140 1323 1258 1360 nimis
1296 1328 1456 1360 tenuem

98 1399 225 1438 eoque
246 1400 385 1438 parum
406 1387 588 1434 validum,
610 1400 633 1425 a
654 1394 782 1426 cetera
802 1389 1093 1438 prominentem
1116 1389 1210 1428 acie.
1271 1388 1456 1440 Impulsis

83 1454 244 1505 (deinde
279 1467 325 1493 ac
358 1454 508 1505 trepide
543 1453 800 1493 referentibus
831 1455 975 1505 pedem
1015 1456 1199 1504 institere,
1237 1469 1283 1495 ac
1319 1463 1456 1495 tenore

98 1533 179 1560 uno
217 1534 289 1572 per
322 1533 512 1572 praeceps
551 1533 696 1572 pavore
737 1521 971 1571 fugientium
1011 1535 1156 1574 agmen
1196 1524 1236 1562 in
1283 1524 1455 1568 mediam
1475 1538 1539 1571 415

99 1588 269 1639 primum
299 1589 423 1627 aciem
453 1587 557 1634 illati,
589 1594 793 1639 postremo
824 1589 931 1628 nullo
962 1590 1165 1629 resistente
1197 1591 1247 1630 ad
1282 1590 1456 1629 subsidia

97 1655 285 1694 Afrorum
330 1661 602 1705 pervenerunt,
638 1655 704 1705 qui
745 1655 927 1706 utrinque
963 1656 1131 1696 reductis
1167 1657 1237 1696 alis
1270 1658 1453 1696 constite-

98 1729 195 1770 rant,
234 1722 376 1769 media,
417 1735 495 1774 qua
536 1721 638 1761 Galli
684 1722 934 1774 Hispanique
976 1730 1170 1771 steterant,
1212 1725 1455 1776 aliquantum

97 1789 345 1840 prominente
375 1790 470 1828 acie.
530 1788 610 1836 Qui
645 1802 794 1828 cuneus
829 1797 871 1828 ut
906 1790 1043 1841 pulsus
1079 1792 1257 1842 aequavit
1287 1791 1454 1830 frontem

98 1856 280 1908 primum,
312 1856 404 1896 dein
439 1856 619 1895 cedendo
661 1857 777 1895 etiam
813 1858 942 1895 sinum
977 1858 1017 1895 in
1052 1858 1186 1897 medio
1221 1858 1338 1906 dedit,
1369 1858 1455 1896 Afri
1476 1872 1542 1903 420

98 1923 201 1962 circa
226 1924 305 1962 iam
326 1935 475 1962 cornua
495 1923 678 1971 fecerant,
701 1923 1013 1975 irruentibusque
1034 1925 1189 1964 incaute
1217 1925 1257 1963 in
1279 1926 1454 1964 medium

98 1990 292 2030 Romanis
340 1991 634 2029 circumdedere
685 1991 796 2039 alas;
861 2004 955 2029 mox
1004 2004 1153 2031 cornua
1202 1993 1452 2032 extendendo

98 2058 271 2097 clausere
319 2064 359 2097 et
409 2058 459 2097 ab
506 2065 617 2109 tergo
667 2057 811 2097 hostes.
887 2059 994 2097 Hinc
1044 2059 1230 2107 Romani,
1281 2060 1454 2099 defuncti

98 2126 363 2176 nequicquam
416 2125 566 2177 proelio
624 2137 716 2173 uno,
771 2126 926 2165 omissis
986 2125 1110 2165 Gallis
1170 2127 1453 2177 Hispanisque,

98 2204 266 2243 quorum
301 2199 411 2243 terga
445 2192 676 2240 ceciderant,
714 2193 898 2231 adversus
934 2193 1053 2232 Afros
1088 2206 1265 2244 pugnam
1306 2194 1452 2240 ineunt,
1474 2207 1539 2241 425

99 2271 181 2298 non
207 2265 360 2297 tantum
387 2271 435 2297 eo
463 2260 649 2310 iniquam,
672 2260 780 2310 quod
807 2260 945 2298 inclusi
975 2260 1157 2299 adversus
1183 2260 1452 2307 circumfusos,

100 2325 169 2365 sed
189 2326 306 2364 etiam
328 2325 437 2376 quod
456 2325 547 2364 fessi
569 2337 659 2364 cum
681 2326 901 2365 recentibus
922 2339 968 2378 ac
990 2327 1135 2377 vegetis
1158 2327 1399 2378 pugnabant.
