1747 2620
298 63 348 102 16
539 63 836 106 HANNIBAL’S
868 74 1130 106 CAMPAIGN
1159 75 1215 105 ιΝ
1246 75 1408 109 ΙΤΑιν.

507 243 540 275 5.
590 233 655 266 *The
674 234 841 277 Africam
860 234 1043 268 victorious
1070 247 1154 269 over
1180 235 1234 269 the
1260 235 1421 272 Romans.

347 313 432 352 Iam
472 322 510 354 et
549 316 704 355 sinistro
744 329 868 355 cornu
909 317 1107 365 Romano,
1147 318 1213 356 ubi
1253 318 1451 357 sociorum
1496 319 1646 370 equites

292 382 476 420 adversus
504 382 699 422 Numidas
727 390 922 430 steterant,
945 392 1170 423 consertum
1190 385 1383 436 proelium
1411 392 1503 432 erat,
1525 398 1647 436 segne

198 466 264 498 450
290 448 418 498 primo
467 456 505 487 et
552 462 576 488 a
623 450 772 489 Punica
820 458 1006 502 coeptum
1054 451 1200 490 fraude.
1260 451 1476 502 Quingenti
1525 453 1646 491 ferme

196 796 258 829 435

195 1134 259 1166 440

196 1473 256 1504 445

191 1936 257 1969 450

192 2270 254 2301 455

290 514 499 563 Numidae,
544 524 697 567 praeter
746 518 859 556 solita
907 530 1016 556 arma
1063 518 1218 570 telaque
1265 519 1419 569 gladios
1466 520 1646 558 occultos

289 584 362 620 sub
402 582 532 622 loricis
571 583 775 632 habentes,
813 585 943 635 speeie
980 585 1269 636 transfugarum
1305 597 1428 636 quum
1465 586 1515 624 ab
1556 587 1645 633 suis,

289 661 444 699 parmas
493 658 583 700 post
632 658 741 701 terga
789 651 990 699 habentes,
1036 652 1341 703 adequitassent,
1386 660 1548 704 repente
1597 666 1646 692 ex

291 716 401 766 equis
441 716 634 763 desiliunt,
675 718 899 768 parmisque
942 725 980 756 et
1019 718 1154 756 iaculis
1189 725 1278 757 ante
1313 719 1435 769 pedes
1474 719 1646 758 hostium

290 783 487 834 proiectis,
525 784 565 822 in
605 785 777 823 mediam
817 786 943 823 aciem
981 786 1133 836 accepti
1172 785 1356 837 ductique
1398 786 1448 824 ad
1486 787 1645 827 ultimos

290 850 496 889 considere
527 851 577 889 ab
606 858 717 901 tergo
748 852 940 890 iubentur.
1000 853 1061 890 Ae
1097 851 1190 891 dum
1221 853 1416 903 proelium
1450 854 1501 892 ab
1535 855 1645 893 omni

289 926 398 968 parte
447 919 674 966 conseritur,
725 920 845 970 quieti
894 926 1148 967 manserunt;
1204 928 1416 972 postquam
1465 922 1645 961 omnium

288 986 443 1024 animos
496 985 713 1037 oculosque
768 994 1030 1037 occupaverat
1078 994 1290 1034 certamen,
1345 995 1427 1026 tum
1481 990 1645 1040 arreptis

289 1052 418 1097 scutis,
442 1065 542 1103 quae
572 1053 720 1104 passim
751 1053 850 1092 inter
877 1066 1037 1092 acervos
1058 1066 1263 1092 caesorum
1284 1066 1495 1105 corporum
1526 1063 1645 1096 strata

290 1128 409 1166 erant,
442 1133 618 1158 aversam
650 1121 878 1159 adoriuntur
913 1120 1139 1159 Romanam
1172 1121 1310 1169 aciem,
1341 1128 1530 1173 tergaque
1556 1122 1644 1161 feri·

288 1193 398 1224 entes
429 1199 475 1225 ae
506 1188 676 1239 poplites
707 1188 915 1226 caedentes
946 1194 1117 1238 stragem
1147 1188 1349 1238 ingentem
1379 1202 1425 1228 ae
1454 1190 1644 1230 maiorem

288 1253 488 1304 aliquanto
510 1267 697 1305 pavorem
718 1267 763 1293 ac
784 1255 992 1292 tumultum
1013 1254 1199 1293 fecerunt.
1254 1255 1389 1303 Quum
1410 1256 1500 1294 alibi
1522 1264 1644 1296 terror

288 1332 333 1359 ae
356 1321 459 1371 suga,
483 1321 571 1359 alibi
594 1322 771 1372 pertinax
792 1322 831 1359 in
853 1321 956 1359 mala
977 1322 1054 1358 iam
1082 1334 1151 1372 spe
1179 1322 1372 1372 proelium
1399 1331 1512 1370 esset,
1535 1323 1641 1363 Has-

289 1387 437 1435 drubal,
475 1389 542 1439 qui
583 1401 630 1427 ea
668 1396 778 1439 parte
799 1395 989 1439 praeerat,
1030 1388 1246 1427 subductos
1294 1401 1343 1428 ex
1389 1390 1520 1428 media
1559 1391 1644 1431 acie

289 1453 494 1501 Numidas,
527 1456 619 1506 quia
648 1456 781 1506 segnis
812 1468 949 1494 eorum
980 1467 1071 1493 curn
1101 1455 1272 1495 adversis
1301 1469 1439 1508 pugna
1472 1465 1564 1505 erat,
1594 1458 1644 1498 ad

288 1523 585 1572 persequendos
621 1524 768 1573 passim
804 1523 998 1574 fugientes
1027 1523 1154 1570 mittit,
1187 1522 1394 1574 Hispanos
1433 1531 1471 1563 et
1506 1524 1644 1565 Gallos

288 1589 438 1639 equites
475 1590 580 1629 Afris
614 1603 739 1641 prope
775 1591 853 1629 iam
885 1591 996 1629 sessis
1032 1591 1152 1629 caede
1187 1591 1314 1641 magis
1350 1604 1470 1643 quam
1508 1604 1645 1644 pugna

287 1656 476 1706 adiungit.

648 1756 681 1787 6.
733 1755 922 1800 ‘Prodigus
949 1758 1086 1791 animae
1110 1757 1266 1792 Pardus?

341 1852 453 1891 Parte
501 1852 619 1891 altera
664 1865 821 1903 pugnae
868 1853 1022 1900 Paulus,
1064 1866 1291 1905 quanquam
1336 1856 1465 1907 primo
1514 1857 1643 1896 statim

286 1920 438 1971 proelio
465 1919 588 1959 funda
617 1921 784 1970 graviter
814 1922 912 1959 ictus
941 1921 1076 1967 fuerat,
1098 1930 1231 1961 tamen
1261 1929 1298 1961 et
1327 1925 1495 1963 occurrit
1524 1937 1643 1976 saepe

287 2001 377 2026 curn
409 1987 595 2026 confertis
626 1987 842 2026 Hannibali
873 1994 911 2026 et
939 1989 1088 2039 aliquot
1117 1989 1213 2028 locis
1244 1991 1437 2040 proelium
1467 1992 1641 2037 restituit,

285 2056 582 2106 protegentibus
622 2068 712 2094 eum
752 2055 945 2106 equitibus
990 2055 1195 2104 Romanis,
1235 2058 1393 2096 omissis
1439 2066 1642 2108 postremo

285 2123 408 2173 equis,
430 2124 523 2174 quia
553 2122 757 2161 consulem
787 2131 826 2161 et
855 2123 904 2160 ad
934 2123 1152 2173 regendum
1182 2136 1328 2173 equum
1357 2124 1456 2163 vires
1487 2125 1642 2165 deficie-

284 2190 391 2229 bant.
449 2190 557 2229 Tum
585 2190 821 2228 renuntianti
842 2190 1010 2236 cuidam,
1032 2190 1189 2229 iussisse
1211 2191 1414 2230 consulem
1440 2193 1491 2231 ad
1518 2193 1641 2244 pedes

286 2257 525 2296 descendere
565 2258 726 2309 equites,
769 2258 912 2296 dixisse
963 2257 1233 2296 Hannibalern
1271 2258 1422 2299 ferunt:
1483 2259 1640 2307 ‘Quam

285 2325 454 2373 mallem,
475 2325 629 2364 vinctos
650 2325 743 2363 mihi
772 2322 964 2364 traderet.'
1022 2325 1208 2376 Equitum
1231 2327 1413 2376 pedestre
1433 2329 1639 2379 proelium,
