1747 2620
126 395 600 448 HANNIBAL’S
653 398 1059 449 CAMPAIGN
1119 401 1197 450 IN
1252 402 1500 452 ITALY.

600 537 693 571 uc.
739 524 1023 572 218—216.

130 819 165 863 1.
219 819 359 863 THE
398 819 866 863 ENGAGEMENT
902 821 990 865 ΟΝ
1026 820 1165 864 THE
1203 820 1486 865 TICINUS.

697 919 783 953 uc.
819 912 917 953 218.

593 1070 623 1094 1.
677 1059 799 1103 Btsore
825 1060 880 1094 the
907 1060 1022 1105 tht.

169 1140 300 1190 Quum
329 1141 512 1195 utrinque
534 1141 584 1181 ad
607 1152 810 1182 certamen
833 1144 990 1182 accensi
1014 1143 1183 1182 militum
1209 1143 1330 1182 animi
1352 1150 1497 1187 essent,

112 1209 289 1250 Romani
324 1217 449 1262 ponte
485 1210 675 1251 Ticinum
712 1212 893 1262 iungunt,
931 1212 1165 1263 tutandique
1202 1213 1336 1264 pontis
1377 1225 1497 1251 causa

110 1277 316 1319 castellum
350 1278 512 1330 insuper
547 1279 786 1330 imponunt;
829 1278 1001 1325 Poenus,
1040 1280 1225 1319 hostibus
1266 1292 1389 1331 opere
1428 1292 1495 1318 oc-

110 1348 277 1401 cupatis,
304 1346 580 1387 Maharbalem
614 1360 706 1386 cum
739 1348 802 1387 ala
836 1347 1117 1396 Numidarum,
1149 1350 1348 1401 equitibus
1381 1350 1494 1400 quin-

109 1416 252 1468 gentis,
289 1416 340 1456 ad
381 1415 689 1468 depopulandos
729 1416 931 1456 sociorum
977 1417 1115 1468 populi
1161 1416 1333 1456 Romani
1375 1429 1494 1468 agros
1515 1425 1534 1458 5

103 1471 252 1533 ‘mittit;
303 1482 429 1524 Gallis
475 1484 584 1535 parci
629 1497 751 1535 quam
796 1485 970 1524 maxime
1021 1485 1142 1533 iubet,
1187 1486 1494 1536 principumque

109 1552 268 1592 animos
316 1551 369 1591 ad
418 1551 687 1592 defectionem
737 1552 948 1591 sollicitari.
1023 1551 1151 1590 Ponte
1196 1551 1374 1602 perfecto
1418 1560 1493 1588 tra-

108 1620 252 1660 ductus
292 1619 504 1660 Romanus
545 1621 739 1660 exercitus
779 1621 820 1659 in
860 1633 1001 1671 agrum
1047 1620 1275 1659 Insubrium
1316 1620 1493 1672 quinque

107 1687 228 1727 millia
248 1699 440 1740 passuum
461 1688 514 1728 ab
534 1687 740 1728 Ictumulis
762 1688 954 1727 consedit.

535 1808 568 1832 2.
620 1798 661 1831 In
689 1796 898 1831 Hannibal's
926 1797 1047 1843 Camp.

163 1880 226 1920 Ibi
256 1879 464 1919 Hannibal
494 1889 624 1920 castra
654 1880 852 1929 habebat;
893 1890 1158 1932 revocatoque
1192 1893 1361 1933 propere
1398 1878 1487 1919 Ma·
1512 1893 1552 1916 10

105 1948 266 1988 harbale
307 1957 426 2000 atque
466 1949 679 2000 equitibus,
710 1961 836 2000 quum
871 1950 1017 1988 instare
1053 1956 1256 1988 certamen
1296 1956 1486 1994 cerneret,

105 2016 203 2056 nihil
222 2028 401 2068 unquam
427 2015 522 2055 satis
549 2016 698 2055 dictum
730 2017 1106 2068 praemonitumque
1135 2017 1186 2055 ad
1217 2016 1488 2056 cohortandos

105 2084 249 2124 milites
278 2091 397 2131 ratus,
427 2084 580 2123 vocatis
610 2084 662 2123 ad
693 2085 926 2124 contionem
956 2093 1063 2124 certa
1093 2085 1272 2136 praemia
1308 2097 1487 2136 pronun-

105 2153 186 2200 tiat,
207 2153 249 2192 in
274 2165 446 2205 quorum
471 2166 585 2205 spem
609 2160 860 2204 pugnarent:
897 2166 1039 2204 agrum
1065 2165 1152 2192 sese
1180 2153 1365 2192 daturum
1397 2164 1486 2192 esse

104 2220 147 2259 in
187 2219 310 2268 Italia,
351 2220 498 2268 Africa,
540 2220 751 2273 Hispania,
793 2221 861 2260 ubi
909 2222 1076 2273 quisque
1120 2221 1222 2267 velit,
1264 2222 1484 2260 immunem
1509 2229 1546 2262 15

104 2288 191 2340 ipsi,
220 2289 286 2339 qui
318 2289 550 2339 accepisset.
578 2289 815 2340 liberisque;
847 2290 915 2340 qui
946 2290 1158 2340 pecuniam
1190 2302 1311 2340 quam
1343 2301 1482 2340 agrum

104 2357 317 2403 maluisset,
348 2356 384 2395 ei
414 2368 456 2395 se
487 2364 653 2407 argento
685 2357 1003 2406 satisfacturum}
1045 2358 1112 2410 qui
1143 2358 1345 2397 sociorum
1377 2358 1482 2397 cives

784 2438 804 2462 Β
