1747 2620
231 80 260 120 4
475 66 767 109 HANNIBAL'S
799 75 1059 109 CAMPAIGN
1087 77 1145 108 IN
1174 76 1331 110 ITALY.

567 241 597 264 2.
651 230 862 275 Sempronius
888 230 1031 266 anxious
1057 238 1089 266 to
1113 244 1252 278 engage.

289 324 453 375 Collega
484 331 704 372 cunctante,
733 325 948 376 equitatum
979 338 1105 373 suum,
1136 325 1239 364 mille
1272 325 1448 377 peditum
1482 325 1587 364 iacu-

174 395 211 430 75
232 390 420 431 latoribus
449 391 570 430 ferme
600 391 794 439 admixtis,
822 392 872 430 ad
903 391 1196 430 defendendum
1224 391 1419 431 Gallicum
1450 403 1587 442 agrum

233 465 338 497 trans
378 458 567 498 Trebiam
606 459 733 496 mittit.
804 458 972 510 Sparsos
1010 466 1048 498 et
1086 459 1387 512 incompositos,
1422 459 1473 499 ad
1509 458 1587 497 hoc

232 538 369 575 graves
409 525 556 578 praeda
593 526 802 577 plerosque
842 539 963 576 quum
1002 526 1208 577 inopinato
1246 527 1490 574 invasissent,
1530 527 1587 565 in-

232 599 392 643 gentem
431 599 618 632 terrorem
659 594 900 644 caedemque
940 606 986 632 ae
1025 593 1160 644 fugam
1198 605 1323 645 usque
1366 593 1418 633 ad
1462 600 1587 633 eastra

233 659 497 710 stationesque
528 660 700 699 hostium
735 659 863 699 fecere
879 674 889 709 3
919 660 1026 699 unde
1056 660 1303 700 multitudine
1333 660 1456 701 effusa
1486 660 1588 712 pulsi

172 733 214 766 80
232 739 364 766 rursus
404 728 579 767 subsidio
615 740 776 767 suorum
816 728 1008 779 proelium
1048 728 1258 767 restituere.
1330 728 1452 767 Varia
1496 727 1588 767 inde

232 806 367 844 pugna
397 801 606 846 sequentes
637 796 899 846 cedentesque
930 808 1053 846 quum
1088 796 1139 835 ad
1173 802 1394 834 extremum
1423 807 1586 846 aequas-

233 868 319 900 sent
341 869 553 909 certamen,
571 862 695 901 maior
716 869 848 901 tamen
869 863 1043 901 hostium
1064 862 1216 910 caedes,
1234 874 1356 913 penes
1378 862 1586 901 Romanos

233 928 339 967 fama
358 929 541 968 victoriae
563 929 644 968 suit.
703 929 888 968 Ceterum
910 930 1058 967 nemini
1079 930 1258 967 omnium
1279 930 1404 968 maior
1433 929 1582 969 iustior-

233 1009 311 1048 que
351 1010 471 1047 quam
511 997 584 1048 ipsi
623 998 775 1036 consuli
813 997 957 1045 videri;
1002 998 1149 1047 gaudio
1189 997 1326 1045 efferri,
1362 1009 1441 1049 qua
1478 1004 1586 1048 parte

172 1071 212 1112 85
235 1065 439 1115 copiarum
468 1064 562 1103 alter
589 1064 728 1103 consul
755 1065 878 1104 victus
906 1064 1016 1111 foret,
1046 1077 1093 1104 ea
1125 1076 1167 1104 se
1196 1065 1357 1104 vicisse:
1387 1065 1587 1104 restitutos

233 1144 278 1170 ac
313 1131 481 1171 refectos
515 1132 702 1170 militibus
737 1132 903 1178 animos,
939 1144 1014 1171 nec
1048 1143 1289 1183 quemquam
1318 1144 1405 1172 esse
1434 1138 1587 1183 praeter

233 1199 438 1249 collegam,
479 1199 546 1250 qui
591 1199 749 1238 dilatam
797 1199 1089 1238 dimicationem
1134 1199 1268 1247 vellet;
1310 1211 1413 1246 eum,
1452 1198 1586 1237 animo

233 1266 360 1317 magis
396 1278 515 1318 quam
550 1278 715 1317 corpore
751 1278 925 1317 aegrum,
956 1266 1147 1305 memoria
1179 1266 1348 1305 vulneris
1382 1265 1506 1305 aciem
1542 1278 1588 1305 ac

234 1333 311 1372 tela
359 1332 526 1372 horrere.
599 1332 678 1372 Sed
723 1345 804 1372 non
851 1345 937 1372 esse
983 1346 1074 1372 cum
1120 1346 1240 1384 aegro
1287 1333 1585 1372 senescendum.

171 1415 215 1449 90
235 1400 344 1448 Quid
382 1400 488 1439 enim
526 1399 625 1438 ultra
664 1400 809 1439 differri
848 1407 915 1439 aut
954 1400 1022 1439 teri
1061 1401 1244 1451 tempus?
1286 1412 1404 1451 quern
1433 1401 1587 1438 tertium

233 1467 449 1513 consulem,
476 1479 594 1518 quem
624 1467 743 1506 alium
774 1468 989 1506 exercitum
1020 1467 1265 1517 exspectari?
1325 1466 1465 1506 Castra
1494 1466 1587 1506 Car-

232 1534 538 1585 thaginiensium
573 1534 613 1573 in
646 1534 758 1573 Italia
790 1547 836 1573 ac
868 1547 992 1585 prope
1028 1535 1067 1572 in
1104 1541 1321 1585 conspectu
1351 1534 1457 1574 urbis
1488 1546 1587 1574 esse.

232 1600 327 1640 Non
359 1601 529 1640 Siciliam
559 1614 606 1640 ac
636 1601 867 1648 Sardiniam,
896 1601 1005 1640 victis
1036 1601 1252 1652 ademptas,
1277 1613 1351 1640 nec
1380 1601 1435 1640 cis
1465 1601 1589 1640 Hibe-

232 1681 320 1707 rum
348 1668 585 1720 Hispaniam
614 1669 704 1719 peti,
727 1668 797 1707 sed
825 1668 909 1708 solo
938 1669 1064 1719 patrio
1089 1675 1280 1720 terraque,
1301 1668 1341 1706 in
1363 1680 1442 1719 qua
1467 1669 1587 1719 geniti

172 1748 212 1782 95
233 1736 373 1782 forent,
422 1736 512 1786 pelli
561 1735 780 1775 Romanos.
853 1735 1085 1783 ‘Quantum
1132 1735 1416 1787 ingemiscant’
1465 1736 1589 1787 inquit

234 1806 387 1853 ‘patres
425 1803 558 1849 nostri,
595 1803 697 1842 circa
735 1802 894 1842 moenia
933 1802 1183 1853 Carthaginis
1221 1801 1365 1841 bellare
1405 1802 1516 1849 soliti,
1558 1802 1587 1841 si

232 1867 389 1906 videant
418 1879 504 1914 nos,
532 1868 765 1918 progeniem
795 1879 919 1914 suam,
942 1867 1041 1905 duos
1072 1866 1254 1906 consules
1285 1866 1588 1917 consularesque

233 1935 438 1982 exercitus,
470 1935 511 1973 in
545 1935 676 1973 media
710 1934 823 1973 Italia
857 1942 1046 1984 paventes
1085 1934 1186 1972 intra
1224 1940 1362 1980 castra,
1397 1932 1589 1980 Poenum,

234 2001 342 2052 quod
380 2002 478 2040 inter
516 2001 638 2053 Alpes
673 2002 1040 2053 Appenninumque
1079 2000 1162 2051 agri
1201 2001 1260 2048 sit,
1290 2012 1383 2039 suae
1423 1999 1588 2038 dicionis

154 2087 214 2111 100
233 2068 372 2107 fecisse
388 2067 414 2107 Γ

739 2204 745 2211 .
794 2179 859 2212 ‘The
886 2177 1110 2213 Ambuscade.

286 2259 381 2298 Erat
420 2259 459 2297 in
499 2260 630 2299 medio
665 2261 767 2299 rivus
807 2261 990 2311 praealtis
1029 2261 1208 2311 utrinque
1240 2260 1394 2300 clausus
1424 2261 1518 2312 ripis
1551 2269 1588 2300 et
1645 2285 1649 2287 >

234 2327 338 2366 circa
383 2327 532 2366 obsitus
579 2329 814 2377 palustribus
853 2328 982 2367 herbis
1022 2335 1071 2375 et,
1103 2329 1244 2379 quibus
1284 2327 1429 2367 inculta
1467 2327 1587 2367 ferme
