1747 2620
251 93 275 123 2
497 77 793 119 HANNIBAL'S
826 85 1090 118 CAMPAIGN
1120 87 1177 117 IN
1206 85 1365 118 II'ALJ‘.

249 192 596 243 Carthaginienses
648 192 726 230 sieri
777 190 930 238 vellent,
981 196 1217 241 potestatem
1269 187 1490 234 facturum;
1549 186 1615 238 qui

249 261 391 299 domos
423 261 546 298 redire
577 259 750 305 mallent,
786 259 969 297 daturum
1005 269 1047 298 se
1083 269 1260 308 operam,
1291 268 1343 295 ne
1379 255 1490 294 cuius
1525 265 1616 293 suo-

190 340 332 365 zorum
377 328 624 378 popularium
672 334 863 365 mutatam
915 338 1050 364 secum
1099 324 1296 363 fortunam
1336 335 1423 362 esse
1463 321 1617 360 vellent.

251 395 380 434 Servis
429 407 590 445 quoque
641 395 827 433 dominos
878 393 1100 444 prosecutis
1149 392 1370 431 libertatem
1419 389 1618 442 proponit,

248 463 421 514 binaque
457 475 529 514 pro
559 463 620 501 his
651 462 849 513 mancipia
880 461 1052 500 dominis
1087 473 1130 500 se
1165 459 1422 499 redditurum.
1480 456 1619 510 anue

249 537 290 568 ut
330 537 412 569 rata
451 532 595 570 scirent
635 530 731 577 sore,
773 542 923 580 agnum
957 529 1066 568 laeva
1106 540 1240 574 manu,
1274 526 1436 566 dextera
1470 525 1618 565 silicem

248 600 432 646 retinens,
462 600 492 637 si
526 599 684 645 falleret,
712 598 850 637 Iovem
882 606 1114 648 ceterosque
1144 604 1326 648 precatus
1356 595 1467 644 deos,
1495 595 1548 634 ita
1577 606 1620 634 se

189 677 227 709 25
249 673 477 713 mactarent,
519 666 860 717 quemadmodum
900 666 984 718 ipse
1025 678 1175 716 agnum
1215 670 1439 711 mactasset,
1478 674 1620 702 secun-

248 733 342 772 dum
382 735 653 785 precationem
695 742 813 785 caput
853 733 1019 785 pecudis
1059 745 1157 771 saxo
1198 732 1309 770 elisit.
1382 731 1492 771 Tum
1526 742 1620 769 vero

247 815 402 850 omnes,
442 802 545 842 velut
586 803 659 842 diis
699 803 927 841 auctoribus
967 802 1007 840 in
1049 812 1162 852 spem
1203 812 1316 839 suam
1351 799 1520 852 quisque
1554 811 1620 838 ac-

248 871 384 923 ceptis,
426 870 464 909 id
504 883 652 918 morae,
690 870 799 921 quod
841 869 1022 909 nondum
1065 875 1300 920 pugnarent,
1337 867 1388 907 ad
1428 866 1622 920 potienda

248 946 404 991 sperata
434 939 515 982 rati,
549 939 744 990 proelium
775 950 856 977 uno
887 938 1020 977 animo
1053 946 1091 976 et
1122 949 1219 976 voce
1251 949 1330 975 una
1359 942 1544 988 poscunt.

603 1077 633 1108 3.
687 1067 726 1099 1η
755 1065 809 1099 the
835 1065 944 1110 Camp
971 1065 1012 1107 (f
1030 1064 1085 1098 the
1111 1064 1276 1098 Romans.

190 1149 232 1181 30
306 1149 428 1200 Apud
461 1150 669 1189 Romanos
700 1149 1009 1200 haudquaquam
1043 1155 1151 1186 tanta
1178 1146 1358 1186 alacritas
1387 1151 1481 1193 erat,
1503 1156 1622 1196 super

250 1225 380 1256 cetera
419 1218 640 1256 recentibus
681 1217 799 1255 etiam
838 1216 991 1255 territos
1032 1214 1250 1267 prodigiis;
1293 1225 1387 1252 nam
1427 1220 1466 1252 et
1505 1212 1623 1263 lupus

249 1285 457 1324 intraverat
490 1292 619 1324 castra
657 1284 891 1335 laniatisque
932 1283 1057 1322 obviis
1098 1282 1182 1334 ipse
1223 1283 1393 1320 intactus
1432 1286 1621 1328 evaserat,

249 1359 288 1391 et
307 1366 478 1392 examen
500 1365 621 1404 apum
646 1353 685 1391 in
714 1353 854 1391 arbore
884 1351 1081 1402 praetorio
1112 1349 1344 1388 imminente
1372 1348 1620 1388 consederat.

250 1420 408 1468 Quibus
449 1421 679 1472 procuratis,
723 1420 856 1471 Scipio
897 1431 989 1458 cum
1037 1418 1212 1470 equitatu
1262 1416 1622 1468 iaculatoribusque

188 1489 227 1523 35
249 1490 444 1541 expeditis
484 1489 686 1541 profectus
726 1488 777 1528 ad
817 1496 944 1528 castra
983 1487 1159 1527 hostium
1200 1498 1250 1525 ex
1286 1485 1513 1537 propinquo
1553 1497 1622 1525 co-

248 1559 425 1609 piasque,
446 1566 616 1608 quantae
638 1564 676 1596 et
703 1557 815 1596 cuius
836 1557 994 1607 generis
1025 1561 1169 1601 essent,
1193 1552 1455 1605 speculandas
1482 1552 1623 1592 obvius

248 1626 290 1664 s1t
330 1624 548 1663 Hannibali
588 1632 627 1663 et
662 1625 735 1676 ipsi
776 1636 868 1664 cum
905 1623 1102 1675 equitibus
1143 1621 1194 1661 ad
1233 1620 1481 1672 exploranda
1519 1620 1624 1660 circa

247 1693 336 1732 loca
356 1705 581 1744 progresso.

472 1824 504 1854 4.
555 1811 621 1846 ‘she
646 1812 896 1857 Engagement.
950 1808 1066 1855 Flight
1092 1807 1136 1852 of
1153 1807 1209 1841 the
1235 1806 1401 1841 Romans.

304 1893 444 1934 Neutri
475 1895 618 1935 alteros
647 1896 776 1947 primo
808 1895 1048 1942 cernebant;
1090 1891 1251 1931 densior
1286 1889 1430 1930 deinde
1465 1888 1621 1929 incessu

188 1971 229 2006 40
250 1969 306 2001 tot
345 1963 555 2002 hominum
599 1975 872 2015 equorumque
912 1962 1044 2001 oriens
1084 1959 1211 2012 pulvis
1258 1959 1418 2009 signum
1456 1957 1619 2009 propin-

247 2031 453 2082 quantium
484 2031 658 2071 hostium
691 2031 772 2070 suit.
833 2029 1026 2069 Consistit
1062 2035 1274 2078 utrumque
1309 2038 1466 2077 agmen,
1497 2032 1536 2064 et
1570 2025 1621 2064 ad

246 2099 442 2150 proelium
481 2112 569 2138 sese
613 2099 889 2151 expediebant.
951 2096 1085 2148 Scipio
1126 2094 1364 2134 iaculatores
1403 2099 1443 2132 et
1482 2091 1621 2132 Gallos

247 2169 398 2220 equites
422 2169 462 2206 in
490 2167 619 2206 fronte
647 2167 762 2214 locat,
786 2166 994 2205 Romanos
1019 2164 1301 2214 sociorumque
1329 2159 1440 2214 quod
1466 2161 1622 2201 roboris

245 2236 327 2283 suit,
368 2236 408 2274 in
447 2236 643 2274 subsidiis.
702 2233 909 2273 Hannibal
951 2232 1126 2271 frenatos
1166 2230 1322 2282 equites
1365 2229 1407 2268 in
1445 2228 1622 2268 medium

184 2312 223 2344 45
245 2304 400 2354 accipit,
430 2316 580 2343 cornua
612 2302 797 2341 Numidis
829 2301 966 2340 firmat.
1028 2298 1207 2338 Vixdum
1243 2297 1416 2337 clamore
1451 2296 1620 2344 sublato,

246 2372 478 2411 iaculatores
524 2370 708 2422 sugerunt
755 2369 855 2408 inter
901 2367 1079 2407 subsidia
1128 2365 1178 2405 ad
1219 2363 1438 2405 secundam
1479 2364 1619 2405 aciem.
