1747 2620
475 118 528 150 ΙΙ.
572 115 762 149 BATTLE
795 116 855 147 OF
889 115 981 147 THE
1016 114 1204 149 TREBIA.
1498 114 1524 160 5

163 221 389 268 vestiuntur,
419 217 592 270 virgultis
621 219 897 271 vepribusque.
971 216 1104 266 Quem
1138 216 1205 255 ubi
1240 216 1390 268 equites
1426 228 1522 268 quo·

162 300 240 340 que
287 287 462 339 tegendo
511 286 604 326 satis
651 285 892 324 latebrosum
934 284 1067 323 locum
1111 284 1396 322 circumvectus
1438 284 1523 335 ipse

163 355 288 396 oculis
335 354 591 407 perlustravit,
633 352 740 392 ‘Hic
788 352 859 392 erit
906 351 1041 391 locus'
1091 350 1259 402 Magoni
1304 350 1408 389 fratri
1457 351 1521 397 ait,
1547 366 1607 399 105

165 426 308 475 ‘quem
353 428 501 462 teneas.
560 420 702 472 Delige
749 426 938 459 centenos
987 419 1091 458 viros
1140 431 1188 456 ex
1237 418 1346 457 omni
1392 418 1524 468 pedite

163 497 283 542 atque
329 489 471 541 equite,
513 501 605 528 cum
648 488 790 539 quibus
830 487 881 526 ad
919 499 985 526 me
1023 485 1152 536 vigilia
1198 485 1324 537 prima
1363 485 1522 533 venias;

164 570 272 597 nunc
300 569 469 608 corpora
499 568 633 595 curare
664 562 820 606 tempus
850 554 931 594 est.’
989 553 1050 592 Ita
1076 553 1316 604 praetorium
1345 552 1522 591 missum.

165 623 266 663 Mox
296 636 387 664 cum
417 623 578 663 delectis
608 622 733 674 Mago
764 622 908 661 aderat.
968 621 1155 660 ‘Robora
1184 621 1356 659 virorum
1386 618 1525 659 cerno'

167 692 293 744 inquit
321 691 524 731 Hannibal
539 704 548 740 ;
581 691 677 729 ‘sed
700 690 755 729 uti
784 701 951 728 numero
972 689 1102 737 etiam,
1123 701 1207 727 non
1234 688 1374 727 animis
1400 688 1523 726 modo
1550 699 1611 723 110

165 759 335 808 valeatis,
375 758 538 810 singulis
582 758 693 797 vobis
736 769 916 796 novenos
959 769 1009 795 ex
1054 757 1190 795 turmis
1234 755 1525 806 manipulisque

165 826 281 867 vestri
315 826 461 867 similes
496 826 636 877 eligite.
695 824 820 875 Mago
854 823 988 864 locum
1027 823 1272 870 monstrabit,
1308 835 1428 874 quem
1467 824 1526 862 in-

166 894 349 942 sideatis;
391 893 548 932 hostem
582 905 745 932 caecum
780 892 830 930 ad
864 891 935 930 has
971 891 1061 930 belli
1095 897 1197 929 artes
1232 890 1407 929 habetis)
1467 891 1528 929 Ita

166 961 271 1000 mille
309 960 506 1012 equitibus
546 960 725 1011 Magoni,
767 958 871 997 mille
915 958 1112 1009 peditibus
1152 957 1333 1005 dimissis,
1372 956 1527 995 Hanni-

166 1029 232 1068 bal
279 1029 407 1080 prima
453 1027 540 1067 luce
584 1026 780 1066 Numidas
826 1026 979 1077 equites
1025 1033 1291 1077 transgressos
1339 1026 1528 1064 Trebiam
1550 1042 1610 1075 115

166 1095 315 1135 flumen
354 1095 582 1147 obequitare
622 1095 729 1133 iubet
768 1094 942 1133 hostiurn
983 1093 1117 1144 portis,
1158 1092 1447 1144 iaculandoque
1487 1094 1528 1132 in

168 1164 357 1202 stationes
391 1162 530 1202 elicere
561 1161 612 1201 ad
646 1174 823 1213 pugnam
857 1161 1026 1208 hostem,
1057 1161 1200 1200 iniecto
1231 1160 1374 1199 deinde
1405 1167 1527 1200 certa-

167 1230 286 1278 mine,
336 1230 518 1269 cedendo
575 1229 722 1269 sensim
779 1228 874 1268 citra
922 1228 1070 1267 flumen
1119 1227 1353 1279 pertrahere.
1416 1227 1530 1267 Haec

168 1297 357 1337 mandata
400 1296 612 1345 Numidis;
657 1296 796 1335 ceteris
841 1296 1008 1335 ducibus
1048 1295 1226 1346 peditum
1275 1296 1530 1346 equitumque

169 1371 437 1417 praeceptum,
466 1371 508 1403 ut
546 1363 738 1415 prandere
778 1375 920 1402 omnes
955 1363 1144 1411 iuberent,
1181 1369 1352 1402 armatos
1388 1362 1530 1402 deinde
1555 1377 1616 1400 120

168 1434 418 1485 instratisque
439 1432 550 1485 equis
571 1432 729 1483 signum
752 1438 991 1482 exspectare.

644 1563 677 1592 4.
730 1548 957 1595 Sempronius’
985 1550 1079 1583 Men.

225 1643 484 1696 Sempronius
519 1641 570 1682 ad
610 1643 820 1682 tumultum
859 1642 1123 1681 Numidarum
1163 1641 1335 1694 primum
1370 1655 1530 1681 omnem

171 1712 400 1763 equitatum,
422 1710 535 1750 ferox
563 1723 610 1750 ea
629 1717 740 1761 parte
761 1709 912 1758 virium,
936 1710 1078 1748 deinde
1107 1722 1176 1748 sex
1196 1709 1316 1749 millia
1341 1710 1530 1762 peditum,

171 1786 374 1831 postremo
417 1790 558 1818 omnes
607 1777 754 1829 copias,
798 1790 821 1816 a
862 1776 1057 1816 destinato
1104 1777 1183 1815 iam
1231 1783 1322 1816 ante
1366 1777 1531 1816 consilio

171 1846 307 1886 avidus
346 1845 580 1892 certaminis,
620 1845 765 1885 eduxit.
823 1844 917 1884 Erat
956 1844 1057 1884 forte
1097 1844 1261 1883 brumae
1299 1851 1455 1896 tempus
1495 1852 1532 1884 et
1555 1858 1615 1889 125

172 1914 308 1953 nivalis
356 1914 439 1952 dies
487 1913 528 1951 in
576 1912 672 1951 locis
717 1912 884 1963 Alpibus
933 1912 1258 1964 Appenninoque
1307 1913 1530 1960 interiectis,

171 1981 463 2033 propinquitate
494 1980 610 2019 etiam
637 1979 848 2019 fluminum
876 1992 922 2019 ac
949 1980 1139 2030 paludum
1164 1980 1408 2030 praegelidis.
1466 1981 1531 2020 Ad

173 2048 248 2088 hoc
278 2048 419 2100 raptim
450 2047 599 2087 eductis
629 2047 859 2087 hominibus
887 2054 1005 2098 atque
1035 2048 1157 2098 equis,
1184 2058 1266 2085 non
1294 2055 1412 2099 capto
1440 2055 1531 2087 ante

173 2117 274 2163 cibo,
314 2127 396 2154 non
440 2127 516 2165 ope
558 2115 636 2153 ulla
683 2113 734 2153 ad
782 2113 997 2152 arcendum
1045 2114 1166 2165 frigus
1213 2114 1395 2162 adhibita,
1436 2114 1531 2152 nihil

174 2182 313 2222 caloris
342 2183 476 2230 inerat,
508 2189 546 2221 et
576 2181 764 2234 quicquid
793 2194 909 2220 aurae
940 2182 1111 2220 fluminis
1147 2182 1530 2233 appropinquabant,
1556 2195 1616 2226 130

173 2250 328 2289 afflabat
359 2249 486 2288 acrior
516 2249 672 2300 frigoris
704 2249 772 2288 vis.
831 2248 886 2287 Ut
925 2261 1017 2287 vero
1058 2249 1294 2300 refugientes
1335 2248 1530 2288 Numidas

173 2318 426 2368 insequentes
455 2328 600 2366 aquam
629 2316 796 2365 ingressi
831 2322 921 2354 sunt
959 2317 1013 2364 (et
1044 2322 1125 2354 erat
1155 2316 1382 2366 pectoribus
1416 2323 1531 2354 tenus

178 2391 291 2424 aucta
322 2390 517 2422 nocturno
548 2382 695 2434 imbri),
719 2389 802 2421 tum
830 2377 976 2433 utique*
995 2383 1162 2433 egressis
1192 2383 1316 2432 rigere
1346 2384 1530 2421 omnibus
